@article{Dehpour:2023dfo,
	author = "Dehpour, Mehran",
	title = "{Thermal leptogenesis in nonextensive cosmology}",
	eprint = "2401.00229",
	archivePrefix = "arXiv",
	primaryClass = "hep-ph",
	doi = "10.1140/epjc/s10052-024-12697-7",
	journal = "Eur. Phys. J. C",
	volume = "84",
	number = "3",
	pages = "340",
	year = "2024"
}
@article{Dehpour:2023wyy,
	author = "Dehpour, Mehran",
	title = "{Thermal leptogenesis in anisotropic cosmology}",
	eprint = "2312.10677",
	archivePrefix = "arXiv",
	primaryClass = "hep-ph",
	doi = "10.1142/S0217751X23501816",
	journal = "Int. J. Mod. Phys. A",
	volume = "38",
	pages = "2350181",
	year = "2023"
}
@article{PhysRevD.100.023532,
	title = {Constraints on a Bianchi type I spacetime extension of the standard $\mathrm{\ensuremath{\Lambda}}\mathrm{CDM}$ model},
	author = {Akarsu, \"Ozg\"ur and Kumar, Suresh and Sharma, Shivani and Tedesco, Luigi},
	journal = {Phys. Rev. D},
	volume = {100},
	issue = {2},
	pages = {023532},
	numpages = {14},
	year = {2019},
	month = {Jul},
	publisher = {American Physical Society},
	doi = {10.1103/PhysRevD.100.023532},
	url = {https://link.aps.org/doi/10.1103/PhysRevD.100.023532}
}
@article{Simha:2008zj,
	title        = {{Constraining The Early-Universe Baryon Density And Expansion Rate}},
	author       = {Simha, Vimal and Steigman, Gary},
	year         = 2008,
	journal      = {JCAP},
	volume       = {06},
	pages        = {016},
	doi          = {10.1088/1475-7516/2008/06/016},
	eprint       = {0803.3465},
	archiveprefix = {arXiv},
	primaryclass = {astro-ph}
}
@article{Covi:1996wh,
	title        = {{CP violating decays in leptogenesis scenarios}},
	author       = {Covi, Laura and Roulet, Esteban and Vissani, Francesco},
	year         = 1996,
	journal      = {Phys. Lett. B},
	volume       = 384,
	pages        = {169--174},
	doi          = {10.1016/0370-2693(96)00817-9},
	eprint       = {hep-ph/9605319},
	archiveprefix = {arXiv},
	reportnumber = {SISSA-66-96-EP, IC-96-73}
}
@article{Sakharov:1967dj,
	title        = {{Violation of CP Invariance, C asymmetry, and baryon asymmetry of the universe}},
	author       = {Sakharov, A. D.},
	year         = 1967,
	journal      = {Pisma Zh. Eksp. Teor. Fiz.},
	volume       = 5,
	pages        = {32--35},
	doi          = {10.1070/PU1991v034n05ABEH002497}
}
@article{Gavela:1994ds,
	title        = {{Standard model CP violation and baryon asymmetry. Part 1: Zero temperature}},
	author       = {Gavela, M. B. and Lozano, M. and Orloff, J. and Pene, O.},
	year         = 1994,
	journal      = {Nucl. Phys. B},
	volume       = 430,
	pages        = {345--381},
	doi          = {10.1016/0550-3213(94)00409-9},
	eprint       = {hep-ph/9406288},
	archiveprefix = {arXiv},
	reportnumber = {CERN-TH-7262-94, LPTHE-ORSAY-94-48, HD-THEP-94-19, FAMNSE-12-94, NSF-ITP-94-64}
}
@article{Gavela:1994dt,
	title        = {{Standard model CP violation and baryon asymmetry. Part 2: Finite temperature}},
	author       = {Gavela, M. B. and Hernandez, P. and Orloff, J. and Pene, O. and Quimbay, C.},
	year         = 1994,
	journal      = {Nucl. Phys. B},
	volume       = 430,
	pages        = {382--426},
	doi          = {10.1016/0550-3213(94)00410-2},
	eprint       = {hep-ph/9406289},
	archiveprefix = {arXiv},
	reportnumber = {CERN-TH-7263-94, LPTHE-ORSAY-94-49, HUTP-94-A015, HD-THEP-94-20, FTUAM-94-14, NSF-ITP-94-65}
}
@article{Fukugita:1986hr,
	title        = {{Baryogenesis Without Grand Unification}},
	author       = {Fukugita, M. and Yanagida, T.},
	year         = 1986,
	journal      = {Phys. Lett. B},
	volume       = 174,
	pages        = {45--47},
	doi          = {10.1016/0370-2693(86)91126-3},
	reportnumber = {RIFP-641}
}
@article{Mohapatra:1980yp,
	title        = {{Neutrino Masses and Mixings in Gauge Models with Spontaneous Parity Violation}},
	author       = {Mohapatra, Rabindra N. and Senjanovic, Goran},
	year         = 1981,
	journal      = {Phys. Rev. D},
	volume       = 23,
	pages        = 165,
	doi          = {10.1103/PhysRevD.23.165},
	reportnumber = {FERMILAB-PUB-80-061-THY, FERMILAB-PUB-80-061-T}
}
@article{Yanagida:1979as,
	title        = {{Horizontal gauge symmetry and masses of neutrinos}},
	author       = {Yanagida, Tsutomu},
	year         = 1979,
	journal      = {Conf. Proc. C},
	volume       = 7902131,
	pages        = {95--99},
	editor       = {Sawada, Osamu and Sugamoto, Akio},
	reportnumber = {KEK-79-18-95}
}
@article{Glashow:1979nm,
	title        = {{The Future of Elementary Particle Physics}},
	author       = {Glashow, S. L.},
	year         = 1980,
	journal      = {NATO Sci. Ser. B},
	volume       = 61,
	pages        = 687,
	doi          = {10.1007/978-1-4684-7197-7_15},
	reportnumber = {HUTP-79-A059}
}
@article{Gell-Mann:1979vob,
	title        = {{Complex Spinors and Unified Theories}},
	author       = {Gell-Mann, Murray and Ramond, Pierre and Slansky, Richard},
	year         = 1979,
	journal      = {Conf. Proc. C},
	volume       = 790927,
	pages        = {315--321},
	eprint       = {1306.4669},
	archiveprefix = {arXiv},
	primaryclass = {hep-th},
	reportnumber = {PRINT-80-0576}
}
@article{Minkowski:1977sc,
	title        = {{$\mu \to e\gamma$ at a Rate of One Out of $10^{9}$ Muon Decays?}},
	author       = {Minkowski, Peter},
	year         = 1977,
	journal      = {Phys. Lett. B},
	volume       = 67,
	pages        = {421--428},
	doi          = {10.1016/0370-2693(77)90435-X},
	reportnumber = {Print-77-0182 (BERN)}
}
@article{Davidson:2002qv,
	title        = {{A Lower bound on the right-handed neutrino mass from leptogenesis}},
	author       = {Davidson, Sacha and Ibarra, Alejandro},
	year         = 2002,
	journal      = {Phys. Lett. B},
	volume       = 535,
	pages        = {25--32},
	doi          = {10.1016/S0370-2693(02)01735-5},
	eprint       = {hep-ph/0202239},
	archiveprefix = {arXiv},
	reportnumber = {OUTP-02-10P, IPPP-02-16, DCPT-02-32}
}
@article{Kawasaki:2008qe,
	title        = {{Big-Bang Nucleosynthesis and Gravitino}},
	author       = {Kawasaki, Masahiro and Kohri, Kazunori and Moroi, Takeo and Yotsuyanagi, Akira},
	year         = 2008,
	journal      = {Phys. Rev. D},
	volume       = 78,
	pages        = {065011},
	doi          = {10.1103/PhysRevD.78.065011},
	eprint       = {0804.3745},
	archiveprefix = {arXiv},
	primaryclass = {hep-ph},
	reportnumber = {TU-812}
}
@article{Rychkov:2007uq,
	title        = {{Thermal production of gravitinos}},
	author       = {Rychkov, Vyacheslav S. and Strumia, Alessandro},
	year         = 2007,
	journal      = {Phys. Rev. D},
	volume       = 75,
	pages        = {075011},
	doi          = {10.1103/PhysRevD.75.075011},
	eprint       = {hep-ph/0701104},
	archiveprefix = {arXiv},
	reportnumber = {IFUP-TH-07-1}
}
@article{Kawasaki:1994af,
	title        = {{Gravitino production in the inflationary universe and the effects on big bang nucleosynthesis}},
	author       = {Kawasaki, M. and Moroi, T.},
	year         = 1995,
	journal      = {Prog. Theor. Phys.},
	volume       = 93,
	pages        = {879--900},
	doi          = {10.1143/PTP.93.879},
	eprint       = {hep-ph/9403364},
	archiveprefix = {arXiv},
	reportnumber = {ICRR-315-94-10, TU-457}
}
@article{Khlopov:1984pf,
	title        = {{Is It Easy to Save the Gravitino?}},
	author       = {Khlopov, M. Yu. and Linde, Andrei D.},
	year         = 1984,
	journal      = {Phys. Lett. B},
	volume       = 138,
	pages        = {265--268},
	doi          = {10.1016/0370-2693(84)91656-3}
}
@article{Weinberg:1982zq,
	title        = {{Cosmological Constraints on the Scale of Supersymmetry Breaking}},
	author       = {Weinberg, Steven},
	year         = 1982,
	journal      = {Phys. Rev. Lett.},
	volume       = 48,
	pages        = 1303,
	doi          = {10.1103/PhysRevLett.48.1303},
	reportnumber = {Print-82-0306 (TEXAS)}
}
@article{Dutta:2018zkg,
	title        = {{A cosmological pathway to testable leptogenesis}},
	author       = {Dutta, Bhaskar and Fong, Chee Sheng and Jimenez, Esteban and Nardi, Enrico},
	year         = 2018,
	journal      = {JCAP},
	volume       = 10,
	pages        = {025},
	doi          = {10.1088/1475-7516/2018/10/025},
	eprint       = {1804.07676},
	archiveprefix = {arXiv},
	primaryclass = {hep-ph},
	reportnumber = {MI-TH-1880}
}
@article{PhysRevD.90.064050,
	title        = {Thermal leptogenesis in $f(R)$ cosmology},
	author       = {Lambiase, G.},
	year         = 2014,
	month        = {Sep},
	journal      = {Phys. Rev. D},
	publisher    = {American Physical Society},
	volume       = 90,
	pages        = {064050},
	doi          = {10.1103/PhysRevD.90.064050},
	url          = {https://link.aps.org/doi/10.1103/PhysRevD.90.064050},
	issue        = 6,
	numpages     = 10
}
@article{Verde:2019ivm,
	title        = {{Tensions between the Early and the Late Universe}},
	author       = {Verde, L. and Treu, T. and Riess, A. G.},
	year         = 2019,
	month        = 7,
	journal      = {Nature Astron.},
	volume       = 3,
	pages        = 891,
	doi          = {10.1038/s41550-019-0902-0},
	eprint       = {1907.10625},
	archiveprefix = {arXiv},
	primaryclass = {astro-ph.CO}
}
@article{DiValentino:2020zio,
	title        = {{Snowmass2021 - Letter of interest cosmology intertwined II: The hubble constant tension}},
	author       = {Di Valentino, Eleonora and others},
	year         = 2021,
	journal      = {Astropart. Phys.},
	volume       = 131,
	pages        = 102605,
	doi          = {10.1016/j.astropartphys.2021.102605},
	eprint       = {2008.11284},
	archiveprefix = {arXiv},
	primaryclass = {astro-ph.CO},
	reportnumber = {FERMILAB-PUB-21-590-PPD}
}
@article{DiValentino:2021izs,
	title        = {{In the realm of the Hubble tension\textemdash{}a review of solutions}},
	author       = {Di Valentino, Eleonora and Mena, Olga and Pan, Supriya and Visinelli, Luca and Yang, Weiqiang and Melchiorri, Alessandro and Mota, David F. and Riess, Adam G. and Silk, Joseph},
	year         = 2021,
	journal      = {Class. Quant. Grav.},
	volume       = 38,
	number       = 15,
	pages        = 153001,
	doi          = {10.1088/1361-6382/ac086d},
	eprint       = {2103.01183},
	archiveprefix = {arXiv},
	primaryclass = {astro-ph.CO},
	reportnumber = {IPPP/20/108}
}
@article{Abdalla:2022yfr,
	title        = {{Cosmology intertwined: A review of the particle physics, astrophysics, and cosmology associated with the cosmological tensions and anomalies}},
	author       = {Abdalla, Elcio and others},
	year         = 2022,
	journal      = {JHEAp},
	volume       = 34,
	pages        = {49--211},
	doi          = {10.1016/j.jheap.2022.04.002},
	eprint       = {2203.06142},
	archiveprefix = {arXiv},
	primaryclass = {astro-ph.CO},
	reportnumber = {FERMILAB-CONF-22-192-SCD}
}
@article{Perivolaropoulos:2021jda,
	title        = {{Challenges for \ensuremath{\Lambda}CDM: An update}},
	author       = {Perivolaropoulos, Leandros and Skara, Foteini},
	year         = 2022,
	journal      = {New Astron. Rev.},
	volume       = 95,
	pages        = 101659,
	doi          = {10.1016/j.newar.2022.101659},
	eprint       = {2105.05208},
	archiveprefix = {arXiv},
	primaryclass = {astro-ph.CO}
}
@article{Colgain:2022tql,
	title        = {{High redshift \ensuremath{\Lambda}CDM cosmology: To bin or not to bin?}},
	author       = {Colg\'ain, Eoin \'O. and Sheikh-Jabbari, M. M. and Solomon, Rance},
	year         = 2023,
	journal      = {Phys. Dark Univ.},
	volume       = 40,
	pages        = 101216,
	doi          = {10.1016/j.dark.2023.101216},
	eprint       = {2211.02129},
	archiveprefix = {arXiv},
	primaryclass = {astro-ph.CO}
}
@article{Colgain:2022rxy,
	title        = {{Putting Flat $\Lambda$CDM In The (Redshift) Bin}},
	author       = {Colg\'ain, Eoin \'O. and Sheikh-Jabbari, M. M. and Solomon, Rance and Dainotti, Maria G. and Stojkovic, Dejan},
	year         = 2022,
	month        = 6,
	eprint       = {2206.11447},
	archiveprefix = {arXiv},
	primaryclass = {astro-ph.CO}
}
@article{Krishnan:2021dyb,
	title        = {{Does Hubble tension signal a breakdown in FLRW cosmology?}},
	author       = {Krishnan, Chethan and Mohayaee, Roya and Colg\'ain, Eoin \'O. and Sheikh-Jabbari, M. M. and Yin, Lu},
	year         = 2021,
	journal      = {Class. Quant. Grav.},
	volume       = 38,
	number       = 18,
	pages        = 184001,
	doi          = {10.1088/1361-6382/ac1a81},
	eprint       = {2105.09790},
	archiveprefix = {arXiv},
	primaryclass = {astro-ph.CO}
}
@article{Krishnan:2021jmh,
	title        = {{Hints of FLRW breakdown from supernovae}},
	author       = {Krishnan, Chethan and Mohayaee, Roya and Colg\'ain, Eoin \'O. and Sheikh-Jabbari, M. M. and Yin, L.},
	year         = 2022,
	journal      = {Phys. Rev. D},
	volume       = 105,
	number       = 6,
	pages        = {063514},
	doi          = {10.1103/PhysRevD.105.063514},
	eprint       = {2106.02532},
	archiveprefix = {arXiv},
	primaryclass = {astro-ph.CO}
}
@article{Aluri:2022hzs,
	title        = {{Is the observable Universe consistent with the cosmological principle?}},
	author       = {Aluri, Pavan Kumar and others},
	year         = 2023,
	journal      = {Class. Quant. Grav.},
	volume       = 40,
	number       = 9,
	pages        = {094001},
	doi          = {10.1088/1361-6382/acbefc},
	eprint       = {2207.05765},
	archiveprefix = {arXiv},
	primaryclass = {astro-ph.CO}
}
@article{Ellis:1968vb,
	title        = {{A Class of homogeneous cosmological models}},
	author       = {Ellis, G. F. R. and MacCallum, Malcolm A. H.},
	year         = 1969,
	journal      = {Commun. Math. Phys.},
	volume       = 12,
	pages        = {108--141},
	doi          = {10.1007/BF01645908}
}
@article{delliou_anisotropic_2020,
	title        = {An {Anisotropic} {Model} for the {Universe}},
	author       = {Delliou, Morgan Le and Deliyergiyev, Maksym and Del Popolo, Antonino},
	year         = 2020,
	month        = oct,
	journal      = {Symmetry},
	volume       = 12,
	number       = 10,
	pages        = 1741,
	doi          = {10.3390/sym12101741},
	issn         = {2073-8994},
	url          = {https://www.mdpi.com/2073-8994/12/10/1741},
	urldate      = {2023-06-03},
	abstract     = {Motivated by the back-reaction debate, and some unexplained characteristics of the CMB, we investigate the possibility of some anisotropy in the universe observed around us. To this aim, we build up a novel prediction for the Hubble law for the late universe from a Bianchi type I model, taken as proof of concept, transcribing the departure of such model from a ΛCDM model. We dicussed the redshift measurement in this universe, and finally formalized the Hubble diagram.},
	language     = {en}
}
@article{Russell:2013oda,
	title        = {{Bianchi I model: an alternative way to model the present-day Universe}},
	author       = {Russell, Esra and K\i{}l\i{}n\c{c}, Can Battal and Pashaev, Oktay K.},
	year         = 2014,
	journal      = {Mon. Not. Roy. Astron. Soc.},
	volume       = 442,
	number       = 3,
	pages        = {2331--2341},
	doi          = {10.1093/mnras/stu932},
	eprint       = {1312.3502},
	archiveprefix = {arXiv},
	primaryclass = {astro-ph.CO}
}
@phdthesis{jacobs1969bianchi,
	title        = {Bianchi type I cosmological models},
	author       = {Jacobs, Kenneth Charles},
	year         = 1969,
	school       = {California Institute of Technology}
}
@article{PhysRevD.42.3310,
	title        = {Thermal relics: Do we know their abundances?},
	author       = {Kamionkowski, Marc and Turner, Michael S.},
	year         = 1990,
	month        = {Nov},
	journal      = {Phys. Rev. D},
	publisher    = {American Physical Society},
	volume       = 42,
	pages        = {3310--3320},
	doi          = {10.1103/PhysRevD.42.3310},
	url          = {https://link.aps.org/doi/10.1103/PhysRevD.42.3310},
	issue        = 10,
	numpages     = {0}
}
@article{Davidson:2008bu,
	title        = {{Leptogenesis}},
	author       = {Davidson, Sacha and Nardi, Enrico and Nir, Yosef},
	year         = 2008,
	journal      = {Phys. Rept.},
	volume       = 466,
	pages        = {105--177},
	doi          = {10.1016/j.physrep.2008.06.002},
	eprint       = {0802.2962},
	archiveprefix = {arXiv},
	primaryclass = {hep-ph}
}
@book{Kolb:1990vq,
	title        = {{The Early Universe}},
	author       = {Kolb, Edward W. and Turner, Michael S.},
	year         = 1990,
	volume       = 69,
	doi          = {10.1201/9780429492860},
	isbn         = {978-0-201-62674-2},
	reportnumber = {FERMILAB-BOOK-1990-01}
}
@inproceedings{Chen:2007fv,
	title        = {{TASI 2006 Lectures on Leptogenesis}},
	author       = {Chen, Mu-Chun},
	year         = 2007,
	month        = 3,
	booktitle    = {{Theoretical Advanced Study Institute in Elementary Particle Physics}: {Exploring New Frontiers Using Colliders and Neutrinos}},
	pages        = {123--176},
	eprint       = {hep-ph/0703087},
	archiveprefix = {arXiv},
	reportnumber = {FERMILAB-PUB-07-059-T, UCI-TR-2007-1}
}
@article{Casas:2001sr,
	title        = {{Oscillating neutrinos and $\mu \to e, \gamma$}},
	author       = {Casas, J. A. and Ibarra, A.},
	year         = 2001,
	journal      = {Nucl. Phys. B},
	volume       = 618,
	pages        = {171--204},
	doi          = {10.1016/S0550-3213(01)00475-8},
	eprint       = {hep-ph/0103065},
	archiveprefix = {arXiv},
	reportnumber = {IEM-FT-211-01, OUTP-01-11P, IFT-UAM-CSIC-01-08}
}
@article{Esteban:2020cvm,
	title        = {{The fate of hints: updated global analysis of three-flavor neutrino oscillations}},
	author       = {Esteban, Ivan and Gonzalez-Garcia, M. C. and Maltoni, Michele and Schwetz, Thomas and Zhou, Albert},
	year         = 2020,
	journal      = {JHEP},
	volume       = {09},
	pages        = 178,
	doi          = {10.1007/JHEP09(2020)178},
	eprint       = {2007.14792},
	archiveprefix = {arXiv},
	primaryclass = {hep-ph},
	reportnumber = {IFT-UAM/CSIC-112, YITP-SB-2020-21}
}
@article{Buchmuller:2004nz,
	title        = {{Leptogenesis for pedestrians}},
	author       = {Buchmuller, W. and Di Bari, P. and Plumacher, M.},
	year         = 2005,
	journal      = {Annals Phys.},
	volume       = 315,
	pages        = {305--351},
	doi          = {10.1016/j.aop.2004.02.003},
	eprint       = {hep-ph/0401240},
	archiveprefix = {arXiv},
	reportnumber = {DESY-03-100, UAB-FT-551, CERN-TH-2003-199}
}
@article{Giudice:2003jh,
	title        = {{Towards a complete theory of thermal leptogenesis in the SM and MSSM}},
	author       = {Giudice, G. F. and Notari, A. and Raidal, M. and Riotto, A. and Strumia, A.},
	year         = 2004,
	journal      = {Nucl. Phys. B},
	volume       = 685,
	pages        = {89--149},
	doi          = {10.1016/j.nuclphysb.2004.02.019},
	eprint       = {hep-ph/0310123},
	archiveprefix = {arXiv},
	reportnumber = {IFUP-TH-2003-37, CERN-TH-2003-240}
}
@article{Barenboim:2012nh,
	title        = {{Electroweak baryogenesis window in non standard cosmologies}},
	author       = {Barenboim, Gabriela and Rasero, Javier},
	year         = 2012,
	journal      = {JHEP},
	volume       = {07},
	pages        = {028},
	doi          = {10.1007/JHEP07(2012)028},
	eprint       = {1202.6070},
	archiveprefix = {arXiv},
	primaryclass = {hep-ph}
}
@article{Aliferis:2020dxr,
	title        = {{Electroweak baryogenesis by primordial black holes in Brans-Dicke modified gravity}},
	author       = {Aliferis, Georgios and Zarikas, Vasilios},
	year         = 2021,
	journal      = {Phys. Rev. D},
	volume       = 103,
	number       = 2,
	pages        = {023509},
	doi          = {10.1103/PhysRevD.103.023509},
	eprint       = {2006.13621},
	archiveprefix = {arXiv},
	primaryclass = {gr-qc}
}
@article{Bhattacharjee:2021jwm,
	title        = {{Baryogenesis in f(P) gravity}},
	author       = {Bhattacharjee, Snehasish},
	year         = 2021,
	journal      = {Int. J. Mod. Phys. A},
	volume       = 36,
	number       = 27,
	pages        = 2150200,
	doi          = {10.1142/S0217751X21502006},
	eprint       = {2103.15312},
	archiveprefix = {arXiv},
	primaryclass = {gr-qc}
}
@article{Bhattacharjee:2020jfk,
	title        = {{Gravitational baryogenesis in extended teleparallel theories of gravity}},
	author       = {Bhattacharjee, Snehasish},
	year         = 2020,
	journal      = {Phys. Dark Univ.},
	volume       = 30,
	pages        = 100612,
	doi          = {10.1016/j.dark.2020.100612},
	eprint       = {2005.05534},
	archiveprefix = {arXiv},
	primaryclass = {gr-qc}
}
@article{Baffou:2018hpe,
	title        = {{$f(R,T)$ models applied to baryogenesis}},
	author       = {Baffou, E. H. and Houndjo, M. J. S. and Kanfon, D. A. and Salako, I. G.},
	year         = 2019,
	journal      = {Eur. Phys. J. C},
	volume       = 79,
	number       = 2,
	pages        = 112,
	doi          = {10.1140/epjc/s10052-019-6559-0},
	eprint       = {1808.01917},
	archiveprefix = {arXiv},
	primaryclass = {gr-qc}
}
@article{Atazadeh:2018xjo,
	title        = {{Gravitational baryogenesis in DGP brane cosmology}},
	author       = {Atazadeh, K.},
	year         = 2018,
	journal      = {Eur. Phys. J. C},
	volume       = 78,
	number       = 6,
	pages        = 455,
	doi          = {10.1140/epjc/s10052-018-5952-4},
	eprint       = {2012.12965},
	archiveprefix = {arXiv},
	primaryclass = {gr-qc}
}
@article{Fukushima:2016wyz,
	title        = {{Gravitational Baryogenesis after Anisotropic Inflation}},
	author       = {Fukushima, Mitsuhiro and Mizuno, Shuntaro and Maeda, Kei-ichi},
	year         = 2016,
	journal      = {Phys. Rev. D},
	volume       = 93,
	number       = 10,
	pages        = 103513,
	doi          = {10.1103/PhysRevD.93.103513},
	eprint       = {1603.02403},
	archiveprefix = {arXiv},
	primaryclass = {hep-ph}
}
@article{Oikonomou:2016jjh,
	title        = {{$f(T)$ gravitational baryogenesis}},
	author       = {Oikonomou, V. K. and Saridakis, Emmanuel N.},
	year         = 2016,
	journal      = {Phys. Rev. D},
	volume       = 94,
	number       = 12,
	pages        = 124005,
	doi          = {10.1103/PhysRevD.94.124005},
	eprint       = {1607.08561},
	archiveprefix = {arXiv},
	primaryclass = {gr-qc}
}
@article{Odintsov:2016hgc,
	title        = {{Gauss\textendash{}Bonnet gravitational baryogenesis}},
	author       = {Odintsov, S. D. and Oikonomou, V. K.},
	year         = 2016,
	journal      = {Phys. Lett. B},
	volume       = 760,
	pages        = {259--262},
	doi          = {10.1016/j.physletb.2016.06.074},
	eprint       = {1607.00545},
	archiveprefix = {arXiv},
	primaryclass = {gr-qc}
}
@article{Chen:2019etb,
	title        = {{Leptogenesis in fast expanding Universe}},
	author       = {Chen, Shao-Long and Dutta Banik, Amit and Liu, Ze-Kun},
	year         = 2020,
	journal      = {JCAP},
	volume       = {03},
	pages        = {009},
	doi          = {10.1088/1475-7516/2020/03/009},
	eprint       = {1912.07185},
	archiveprefix = {arXiv},
	primaryclass = {hep-ph}
}
@article{Saaidi:2010ey,
	title        = {{Gravitational Baryogenesis in Anisotropic Universe}},
	author       = {Saaidi, Kh. and Hossienkhani, H.},
	year         = 2011,
	journal      = {Astrophys. Space Sci.},
	volume       = 333,
	pages        = {305--309},
	doi          = {10.1007/s10509-010-0580-y},
	eprint       = {1010.4966},
	archiveprefix = {arXiv},
	primaryclass = {gr-qc}
}
@article{Chun:2017spz,
	title        = {{Probing Leptogenesis}},
	author       = {Chun, E. J. and others},
	year         = 2018,
	journal      = {Int. J. Mod. Phys. A},
	volume       = 33,
	number       = {05n06},
	pages        = 1842005,
	doi          = {10.1142/S0217751X18420058},
	eprint       = {1711.02865},
	archiveprefix = {arXiv},
	primaryclass = {hep-ph}
}
@article{Bhattacharjee_2020,
	title        = {Baryogenesis in $$f(Q,{\mathcal { T} })$$ gravity},
	author       = {Bhattacharjee, Snehasish and Sahoo, P. K.},
	year         = 2020,
	month        = mar,
	journal      = {The European Physical Journal C},
	publisher    = {Springer Science and Business Media LLC},
	volume       = 80,
	number       = 3,
	doi          = {10.1140/epjc/s10052-020-7844-7},
	issn         = {1434-6052},
	url          = {http://dx.doi.org/10.1140/epjc/s10052-020-7844-7}
}
@article{Simha:2008zj,
	title        = {{Constraining The Early-Universe Baryon Density And Expansion Rate}},
	author       = {Simha, Vimal and Steigman, Gary},
	year         = 2008,
	journal      = {JCAP},
	volume       = {06},
	pages        = {016},
	doi          = {10.1088/1475-7516/2008/06/016},
	eprint       = {0803.3465},
	archiveprefix = {arXiv},
	primaryclass = {astro-ph}
}
@article{Sakharov:1967dj,
	title        = {{Violation of CP Invariance, C asymmetry, and baryon asymmetry of the universe}},
	author       = {Sakharov, A. D.},
	year         = 1967,
	journal      = {Pisma Zh. Eksp. Teor. Fiz.},
	volume       = 5,
	pages        = {32--35},
	doi          = {10.1070/PU1991v034n05ABEH002497}
}
@article{Gavela:1994ds,
	title        = {{Standard model CP violation and baryon asymmetry. Part 1: Zero temperature}},
	author       = {Gavela, M. B. and Lozano, M. and Orloff, J. and Pene, O.},
	year         = 1994,
	journal      = {Nucl. Phys. B},
	volume       = 430,
	pages        = {345--381},
	doi          = {10.1016/0550-3213(94)00409-9},
	eprint       = {hep-ph/9406288},
	archiveprefix = {arXiv},
	reportnumber = {CERN-TH-7262-94, LPTHE-ORSAY-94-48, HD-THEP-94-19, FAMNSE-12-94, NSF-ITP-94-64}
}
@article{Gavela:1994dt,
	title        = {{Standard model CP violation and baryon asymmetry. Part 2: Finite temperature}},
	author       = {Gavela, M. B. and Hernandez, P. and Orloff, J. and Pene, O. and Quimbay, C.},
	year         = 1994,
	journal      = {Nucl. Phys. B},
	volume       = 430,
	pages        = {382--426},
	doi          = {10.1016/0550-3213(94)00410-2},
	eprint       = {hep-ph/9406289},
	archiveprefix = {arXiv},
	reportnumber = {CERN-TH-7263-94, LPTHE-ORSAY-94-49, HUTP-94-A015, HD-THEP-94-20, FTUAM-94-14, NSF-ITP-94-65}
}
@article{Fukugita:1986hr,
	title        = {{Baryogenesis Without Grand Unification}},
	author       = {Fukugita, M. and Yanagida, T.},
	year         = 1986,
	journal      = {Phys. Lett. B},
	volume       = 174,
	pages        = {45--47},
	doi          = {10.1016/0370-2693(86)91126-3},
	reportnumber = {RIFP-641}
}
@article{Minkowski:1977sc,
	title        = {{$\mu \to e\gamma$ at a Rate of One Out of $10^{9}$ Muon Decays?}},
	author       = {Minkowski, Peter},
	year         = 1977,
	journal      = {Phys. Lett. B},
	volume       = 67,
	pages        = {421--428},
	doi          = {10.1016/0370-2693(77)90435-X},
	reportnumber = {Print-77-0182 (BERN)}
}
@article{Glashow:1979nm,
	title        = {{The Future of Elementary Particle Physics}},
	author       = {Glashow, S. L.},
	year         = 1980,
	journal      = {NATO Sci. Ser. B},
	volume       = 61,
	pages        = 687,
	doi          = {10.1007/978-1-4684-7197-7_15},
	reportnumber = {HUTP-79-A059}
}
@article{Gell-Mann:1979vob,
	title        = {{Complex Spinors and Unified Theories}},
	author       = {Gell-Mann, Murray and Ramond, Pierre and Slansky, Richard},
	year         = 1979,
	journal      = {Conf. Proc. C},
	volume       = 790927,
	pages        = {315--321},
	eprint       = {1306.4669},
	archiveprefix = {arXiv},
	primaryclass = {hep-th},
	reportnumber = {PRINT-80-0576}
}
@article{Mohapatra:1980yp,
	title        = {{Neutrino Masses and Mixings in Gauge Models with Spontaneous Parity Violation}},
	author       = {Mohapatra, Rabindra N. and Senjanovic, Goran},
	year         = 1981,
	journal      = {Phys. Rev. D},
	volume       = 23,
	pages        = 165,
	doi          = {10.1103/PhysRevD.23.165},
	reportnumber = {FERMILAB-PUB-80-061-THY, FERMILAB-PUB-80-061-T}
}
@article{Yanagida:1979as,
	title        = {{Horizontal gauge symmetry and masses of neutrinos}},
	author       = {Yanagida, Tsutomu},
	year         = 1979,
	journal      = {Conf. Proc. C},
	volume       = 7902131,
	pages        = {95--99},
	editor       = {Sawada, Osamu and Sugamoto, Akio},
	reportnumber = {KEK-79-18-95}
}
@article{Davidson:2002qv,
	title        = {{A Lower bound on the right-handed neutrino mass from leptogenesis}},
	author       = {Davidson, Sacha and Ibarra, Alejandro},
	year         = 2002,
	journal      = {Phys. Lett. B},
	volume       = 535,
	pages        = {25--32},
	doi          = {10.1016/S0370-2693(02)01735-5},
	eprint       = {hep-ph/0202239},
	archiveprefix = {arXiv},
	reportnumber = {OUTP-02-10P, IPPP-02-16, DCPT-02-32}
}
@article{Weinberg:1982zq,
	title        = {{Cosmological Constraints on the Scale of Supersymmetry Breaking}},
	author       = {Weinberg, Steven},
	year         = 1982,
	journal      = {Phys. Rev. Lett.},
	volume       = 48,
	pages        = 1303,
	doi          = {10.1103/PhysRevLett.48.1303},
	reportnumber = {Print-82-0306 (TEXAS)}
}
@article{Khlopov:1984pf,
	title        = {{Is It Easy to Save the Gravitino?}},
	author       = {Khlopov, M. Yu. and Linde, Andrei D.},
	year         = 1984,
	journal      = {Phys. Lett. B},
	volume       = 138,
	pages        = {265--268},
	doi          = {10.1016/0370-2693(84)91656-3}
}
@article{Kawasaki:1994af,
	title        = {{Gravitino production in the inflationary universe and the effects on big bang nucleosynthesis}},
	author       = {Kawasaki, M. and Moroi, T.},
	year         = 1995,
	journal      = {Prog. Theor. Phys.},
	volume       = 93,
	pages        = {879--900},
	doi          = {10.1143/PTP.93.879},
	eprint       = {hep-ph/9403364},
	archiveprefix = {arXiv},
	reportnumber = {ICRR-315-94-10, TU-457}
}
@article{Kawasaki:2008qe,
	title        = {{Big-Bang Nucleosynthesis and Gravitino}},
	author       = {Kawasaki, Masahiro and Kohri, Kazunori and Moroi, Takeo and Yotsuyanagi, Akira},
	year         = 2008,
	journal      = {Phys. Rev. D},
	volume       = 78,
	pages        = {065011},
	doi          = {10.1103/PhysRevD.78.065011},
	eprint       = {0804.3745},
	archiveprefix = {arXiv},
	primaryclass = {hep-ph},
	reportnumber = {TU-812}
}
@article{Rychkov:2007uq,
	title        = {{Thermal production of gravitinos}},
	author       = {Rychkov, Vyacheslav S. and Strumia, Alessandro},
	year         = 2007,
	journal      = {Phys. Rev. D},
	volume       = 75,
	pages        = {075011},
	doi          = {10.1103/PhysRevD.75.075011},
	eprint       = {hep-ph/0701104},
	archiveprefix = {arXiv},
	reportnumber = {IFUP-TH-07-1}
}
@article{Dutta:2018zkg,
	title        = {{A cosmological pathway to testable leptogenesis}},
	author       = {Dutta, Bhaskar and Fong, Chee Sheng and Jimenez, Esteban and Nardi, Enrico},
	year         = 2018,
	journal      = {JCAP},
	volume       = 10,
	pages        = {025},
	doi          = {10.1088/1475-7516/2018/10/025},
	eprint       = {1804.07676},
	archiveprefix = {arXiv},
	primaryclass = {hep-ph},
	reportnumber = {MI-TH-1880}
}
@article{sym12020300,
	title        = {Consequences of f(?) Cosmology in Thermal Leptogenesis and Gravitino Late Abundance},
	author       = {Capolupo, Antonio and Giampaolo, Salvatore Marco and Lambiase, Gaetano and Quaranta, Aniello},
	year         = 2020,
	journal      = {Symmetry},
	volume       = 12,
	number       = 2,
	doi          = {10.3390/sym12020300},
	issn         = {2073-8994},
	url          = {https://www.mdpi.com/2073-8994/12/2/300},
	article-number = 300,
	abstract     = {Thermal Leptogenesis and the gravitino problem are reviewed in the framework of non-standard cosmologies. We consider in particular the f ( T ) cosmology, where T is the torsion field. We constrain the parameters space of these cosmological models consistently with thermal Leptogenesis scenario (with degenerate mass spectrum of light neutrinos), and we show that they allow to solve the gravitino problem as well. Owing to the similar characteristics to f ( T ) cosmology, we shortly discuss also the case of the shear dominated Universe.}
}
@article{PhysRevD.90.064050,
	title        = {Thermal leptogenesis in $f(R)$ cosmology},
	author       = {Lambiase, G.},
	year         = 2014,
	month        = {Sep},
	journal      = {Phys. Rev. D},
	publisher    = {American Physical Society},
	volume       = 90,
	pages        = {064050},
	doi          = {10.1103/PhysRevD.90.064050},
	url          = {https://link.aps.org/doi/10.1103/PhysRevD.90.064050},
	issue        = 6,
	numpages     = 10
}
@book{abe_nonextensive_2001,
	title        = {Nonextensive {Statistical} {Mechanics} and {Its} {Applications}},
	year         = 2001,
	publisher    = {Springer Berlin Heidelberg},
	doi          = {10.1007/3-540-40919-X},
	editor       = {Abe, Sumiyoshi and Okamoto, Yuko and Beig, R. and Ehlers, J. and Frisch, U. and Hepp, K. and Hillebrandt, W. and Imboden, D. and Jaffe, R. L. and Kippenhahn, R. and Lipowsky, R. and Löhneysen, H. V. and Ojima, I. and Weidenmüller, H. A. and Wess, J. and Zittartz, J.}
}
@book{tsallis_introduction_2023,
	title        = {Introduction to {Nonextensive} {Statistical} {Mechanics}: {Approaching} a {Complex} {World}},
	author       = {Tsallis, Constantino},
	year         = 2023,
	publisher    = {Springer International Publishing},
	doi          = {10.1007/978-3-030-79569-6}
}
@article{Tsallis:1999nq,
	title        = {{Nonextensive statistics: Theoretical, experimental and computational evidences and connections}},
	author       = {Tsallis, C.},
	year         = 1999,
	journal      = {Braz. J. Phys.},
	volume       = 29,
	pages        = {1--35},
	doi          = {10.1590/S0103-97331999000100002}
}
@article{Tsallis:1987eu,
	title        = {{Possible Generalization of Boltzmann-Gibbs Statistics}},
	author       = {Tsallis, Constantino},
	year         = 1988,
	journal      = {J. Statist. Phys.},
	volume       = 52,
	pages        = {479--487},
	doi          = {10.1007/BF01016429},
	reportnumber = {CBPF-NF-062-87}
}
@article{Jizba:2023fkp,
	title        = {{Constraints on Tsallis Cosmology from Big Bang Nucleosynthesis and the Relic Abundance of Cold Dark Matter Particles}},
	author       = {Jizba, Petr and Lambiase, Gaetano},
	year         = 2023,
	journal      = {Entropy},
	volume       = 25,
	pages        = 1495,
	doi          = {10.3390/e25111495},
	eprint       = {2310.19045},
	archiveprefix = {arXiv},
	primaryclass = {gr-qc}
}
@article{Hou:2017uap,
	title        = {{Non-extensive Statistics to the Cosmological Lithium Problem}},
	author       = {Hou, S. Q. and He, J. J. and Parikh, A. and Kahl, D. and Bertulani, C. A. and Kajino, T. and Mathews, G. J. and Zhao, G.},
	year         = 2017,
	journal      = {Astrophys. J.},
	volume       = 834,
	number       = 2,
	pages        = 165,
	doi          = {10.3847/1538-4357/834/2/165},
	eprint       = {1701.04149},
	archiveprefix = {arXiv},
	primaryclass = {astro-ph.CO}
}
@article{Bertulani:2012sv,
	title        = {{Big Bang nucleosynthesis with a non-Maxwellian distribution}},
	author       = {Bertulani, C. A. and Fuqua, J. and Hussein, M. S.},
	year         = 2013,
	journal      = {Astrophys. J.},
	volume       = 767,
	pages        = 67,
	doi          = {10.1088/0004-637X/767/1/67},
	eprint       = {1205.4000},
	archiveprefix = {arXiv},
	primaryclass = {nucl-th}
}
@article{Pessah:2001mz,
	title        = {{Statistical mechanics and the description of the early universe. 1. Foundations for a slightly nonextensive cosmology}},
	author       = {Pessah, M. E. and Torres, Diego F. and Vucetich, H.},
	year         = 2001,
	journal      = {Physica A},
	volume       = 297,
	pages        = {164--200},
	doi          = {10.1016/S0378-4371(01)00235-7},
	eprint       = {gr-qc/0105017},
	archiveprefix = {arXiv}
}
@article{Rueter:2019ubf,
	title        = {{Dark Matter Freeze Out with Tsallis Statistics in the Early Universe}},
	author       = {Rueter, Thomas D. and Rizzo, Thomas G. and Hewett, Joanne L.},
	year         = 2019,
	month        = 11,
	eprint       = {1911.11254},
	archiveprefix = {arXiv},
	primaryclass = {hep-ph},
	reportnumber = {SLAC-PUB-17490}
}
@article{Husdal:2016haj,
	title        = {{On Effective Degrees of Freedom in the Early Universe}},
	author       = {Husdal, Lars},
	year         = 2016,
	journal      = {Galaxies},
	volume       = 4,
	number       = 4,
	pages        = 78,
	doi          = {10.3390/galaxies4040078},
	eprint       = {1609.04979},
	archiveprefix = {arXiv},
	primaryclass = {astro-ph.CO}
}
@article{Davidson:2008bu,
	title        = {{Leptogenesis}},
	author       = {Davidson, Sacha and Nardi, Enrico and Nir, Yosef},
	year         = 2008,
	journal      = {Phys. Rept.},
	volume       = 466,
	pages        = {105--177},
	doi          = {10.1016/j.physrep.2008.06.002},
	eprint       = {0802.2962},
	archiveprefix = {arXiv},
	primaryclass = {hep-ph}
}
@article{Buchmuller:2004nz,
	title        = {{Leptogenesis for pedestrians}},
	author       = {Buchmuller, W. and Di Bari, P. and Plumacher, M.},
	year         = 2005,
	journal      = {Annals Phys.},
	volume       = 315,
	pages        = {305--351},
	doi          = {10.1016/j.aop.2004.02.003},
	eprint       = {hep-ph/0401240},
	archiveprefix = {arXiv},
	reportnumber = {DESY-03-100, UAB-FT-551, CERN-TH-2003-199}
}
@book{Kolb:1990vq,
	title        = {{The Early Universe}},
	author       = {Kolb, Edward W. and Turner, Michael S.},
	year         = 1990,
	volume       = 69,
	doi          = {10.1201/9780429492860},
	isbn         = {978-0-201-62674-2},
	reportnumber = {FERMILAB-BOOK-1990-01}
}
@inproceedings{Chen:2007fv,
	title        = {{TASI 2006 Lectures on Leptogenesis}},
	author       = {Chen, Mu-Chun},
	year         = 2007,
	month        = 3,
	booktitle    = {{Theoretical Advanced Study Institute in Elementary Particle Physics}: {Exploring New Frontiers Using Colliders and Neutrinos}},
	pages        = {123--176},
	eprint       = {hep-ph/0703087},
	archiveprefix = {arXiv},
	reportnumber = {FERMILAB-PUB-07-059-T, UCI-TR-2007-1}
}
@article{Casas:2001sr,
	title        = {{Oscillating neutrinos and $\mu \to e, \gamma$}},
	author       = {Casas, J. A. and Ibarra, A.},
	year         = 2001,
	journal      = {Nucl. Phys. B},
	volume       = 618,
	pages        = {171--204},
	doi          = {10.1016/S0550-3213(01)00475-8},
	eprint       = {hep-ph/0103065},
	archiveprefix = {arXiv},
	reportnumber = {IEM-FT-211-01, OUTP-01-11P, IFT-UAM-CSIC-01-08}
}
@article{Esteban:2020cvm,
	title        = {{The fate of hints: updated global analysis of three-flavor neutrino oscillations}},
	author       = {Esteban, Ivan and Gonzalez-Garcia, M. C. and Maltoni, Michele and Schwetz, Thomas and Zhou, Albert},
	year         = 2020,
	journal      = {JHEP},
	volume       = {09},
	pages        = 178,
	doi          = {10.1007/JHEP09(2020)178},
	eprint       = {2007.14792},
	archiveprefix = {arXiv},
	primaryclass = {hep-ph},
	reportnumber = {IFT-UAM/CSIC-112, YITP-SB-2020-21}
}
@article{PhysRevD.48.4609,
	title        = {Reexamination of generation of baryon and lepton number asymmetries in the early Universe by heavy particle decay},
	author       = {Liu, Jiang and Segr\`e, Gino},
	year         = 1993,
	month        = {Nov},
	journal      = {Phys. Rev. D},
	publisher    = {American Physical Society},
	volume       = 48,
	pages        = {4609--4612},
	doi          = {10.1103/PhysRevD.48.4609},
	url          = {https://link.aps.org/doi/10.1103/PhysRevD.48.4609},
	issue        = 10,
	numpages     = {0}
}
@article{Lopez-Pavon:2015cga,
	title        = {{Radiative Corrections to Light Neutrino Masses in Low Scale Type I Seesaw Scenarios and Neutrinoless Double Beta Decay}},
	author       = {Lopez-Pavon, J. and Molinaro, E. and Petcov, S. T.},
	year         = 2015,
	journal      = {JHEP},
	volume       = 11,
	pages        = {030},
	doi          = {10.1007/JHEP11(2015)030},
	eprint       = {1506.05296},
	archiveprefix = {arXiv},
	primaryclass = {hep-ph}
}
@article{KUZMIN198536,
	title        = {On anomalous electroweak baryon-number non-conservation in the early universe},
	author       = {V.A. Kuzmin and V.A. Rubakov and M.E. Shaposhnikov},
	year         = 1985,
	journal      = {Physics Letters B},
	volume       = 155,
	number       = 1,
	pages        = {36--42},
	doi          = {https://doi.org/10.1016/0370-2693(85)91028-7},
	issn         = {0370-2693},
	url          = {https://www.sciencedirect.com/science/article/pii/0370269385910287},
	abstract     = {We estimate the rate of the anomalous electroweak baryon-number non-conserving processes in the cosmic plasma and find that it exceeds the expansion rate of the universe at T > (a few) × 102 GeV. We study whether these processes wash out the baryon asymmetry of the universe (BAU) generated at some earlier state (say, at GUT temperatures). We also discuss the possibility of BAU generation by the electroweak processes themselves and find that this does not take place if the electroweak phase transition is of second order. No definite conclusion is made for the strongly first-order phase transition. We point out that the BAU might be attributed to the anomalous decays of heavy (MF⪆ MW/αW) fermions if these decays are unsuppressed.}
}
@article{PhysRevLett.53.1802,
	title        = {Comments on the Parametrization of the Kobayashi-Maskawa Matrix},
	author       = {Chau, Ling-Lie and Keung, Wai-Yee},
	year         = 1984,
	month        = {Nov},
	journal      = {Phys. Rev. Lett.},
	publisher    = {American Physical Society},
	volume       = 53,
	pages        = {1802--1805},
	doi          = {10.1103/PhysRevLett.53.1802},
	url          = {https://link.aps.org/doi/10.1103/PhysRevLett.53.1802},
	issue        = 19,
	numpages     = {0}
}
@article{Capozzi:2021fjo,
	title        = {{Unfinished fabric of the three neutrino paradigm}},
	author       = {Capozzi, Francesco and Di Valentino, Eleonora and Lisi, Eligio and Marrone, Antonio and Melchiorri, Alessandro and Palazzo, Antonio},
	year         = 2021,
	journal      = {Phys. Rev. D},
	volume       = 104,
	number       = 8,
	pages        = {083031},
	doi          = {10.1103/PhysRevD.104.083031},
	eprint       = {2107.00532},
	archiveprefix = {arXiv},
	primaryclass = {hep-ph}
}
@article{deSalas:2020pgw,
	title        = {{2020 global reassessment of the neutrino oscillation picture}},
	author       = {de Salas, P. F. and Forero, D. V. and Gariazzo, S. and Mart\'\i{}nez-Mirav\'e, P. and Mena, O. and Ternes, C. A. and T\'ortola, M. and Valle, J. W. F.},
	year         = 2021,
	journal      = {JHEP},
	volume       = {02},
	pages        = {071},
	doi          = {10.1007/JHEP02(2021)071},
	eprint       = {2006.11237},
	archiveprefix = {arXiv},
	primaryclass = {hep-ph}
}
@article{Harrison:2002er,
	title        = {{Tri-bimaximal mixing and the neutrino oscillation data}},
	author       = {Harrison, P. F. and Perkins, D. H. and Scott, W. G.},
	year         = 2002,
	journal      = {Phys. Lett. B},
	volume       = 530,
	pages        = 167,
	doi          = {10.1016/S0370-2693(02)01336-9},
	eprint       = {hep-ph/0202074},
	archiveprefix = {arXiv},
	reportnumber = {RAL-TR-2002-002}
}
@article{PhysRevLett.20.1205,
	title        = {Search for Neutrinos from the Sun},
	author       = {Davis, Raymond and Harmer, Don S. and Hoffman, Kenneth C.},
	year         = 1968,
	month        = {May},
	journal      = {Phys. Rev. Lett.},
	publisher    = {American Physical Society},
	volume       = 20,
	pages        = {1205--1209},
	doi          = {10.1103/PhysRevLett.20.1205},
	url          = {https://link.aps.org/doi/10.1103/PhysRevLett.20.1205},
	issue        = 21,
	numpages     = {0}
}
@article{PhysRev.109.1015,
	title        = {Helicity of Neutrinos},
	author       = {Goldhaber, M. and Grodzins, L. and Sunyar, A. W.},
	year         = 1958,
	month        = {Feb},
	journal      = {Phys. Rev.},
	publisher    = {American Physical Society},
	volume       = 109,
	pages        = {1015--1017},
	doi          = {10.1103/PhysRev.109.1015},
	url          = {https://link.aps.org/doi/10.1103/PhysRev.109.1015},
	issue        = 3,
	numpages     = {0}
}
@article{PhysRev.51.125,
	title        = {A Symmetry Theorem in the Positron Theory},
	author       = {Furry, W. H.},
	year         = 1937,
	month        = {Jan},
	journal      = {Phys. Rev.},
	publisher    = {American Physical Society},
	volume       = 51,
	pages        = {125--129},
	doi          = {10.1103/PhysRev.51.125},
	url          = {https://link.aps.org/doi/10.1103/PhysRev.51.125},
	issue        = 2,
	numpages     = {0}
}
@article{PhysRevD.42.3344,
	title        = {Cosmological baryon and lepton number in the presence of electroweak fermion-number violation},
	author       = {Harvey, Jeffrey A. and Turner, Michael S.},
	year         = 1990,
	month        = {Nov},
	journal      = {Phys. Rev. D},
	publisher    = {American Physical Society},
	volume       = 42,
	pages        = {3344--3349},
	doi          = {10.1103/PhysRevD.42.3344},
	url          = {https://link.aps.org/doi/10.1103/PhysRevD.42.3344},
	issue        = 10,
	numpages     = {0}
}
@article{Chadwick:262756,
	title        = {{Intensitätsverteilung im magnetischen Spectrum der $\beta$-Strahlen von radium B + C}},
	author       = {Chadwick, J},
	year         = 1914,
	journal      = {Verhandl. Dtsc. Phys. Ges.},
	volume       = 16,
	pages        = 383,
	url          = {https://cds.cern.ch/record/262756}
}
@unpublished{Pauli:83282,
	title        = {{Pauli letter collection: letter to Lise Meitner}},
	author       = {Pauli, Wolfgang},
	url          = {https://cds.cern.ch/record/83282},
	note         = {Typed copy}
}
@article{Kolb:1979qa,
	title        = {{Baryon Number Generation in the Early Universe}},
	author       = {Kolb, Edward W. and Wolfram, Stephen},
	year         = 1980,
	journal      = {Nucl. Phys. B},
	volume       = 172,
	pages        = 224,
	doi          = {10.1016/0550-3213(82)90012-8},
	note         = {[Erratum: Nucl.Phys.B 195, 542 (1982)]},
	reportnumber = {Print-79-0956 (CAL TECH), OAP-579, CALT-68-754}
}
@book{Peskin:1995ev,
	title        = {{An Introduction to quantum field theory}},
	author       = {Peskin, Michael E. and Schroeder, Daniel V.},
	year         = 1995,
	publisher    = {Addison-Wesley},
	address      = {Reading, USA},
	isbn         = {978-0-201-50397-5}
}
@book{Schwartz:2014sze,
	title        = {{Quantum Field Theory and the Standard Model}},
	author       = {Schwartz, Matthew D.},
	year         = 2014,
	month        = 3,
	publisher    = {Cambridge University Press},
	isbn         = {978-1-107-03473-0, 978-1-107-03473-0}
}
@article{Luty:1992un,
	title        = {{Baryogenesis via leptogenesis}},
	author       = {Luty, M. A.},
	year         = 1992,
	journal      = {Phys. Rev. D},
	volume       = 45,
	pages        = {455--465},
	doi          = {10.1103/PhysRevD.45.455}
}
@article{Bertuzzo:2010et,
	title        = {{The problem of the initial conditions in flavoured leptogenesis and the tauon $N_2$-dominated scenario}},
	author       = {Bertuzzo, Enrico and Di Bari, Pasquale and Marzola, Luca},
	year         = 2011,
	journal      = {Nucl. Phys. B},
	volume       = 849,
	pages        = {521--548},
	doi          = {10.1016/j.nuclphysb.2011.03.027},
	eprint       = {1007.1641},
	archiveprefix = {arXiv},
	primaryclass = {hep-ph}
}
@article{Drewes:2012qw,
	title        = {{The Boltzmann Equation from Quantum Field Theory}},
	author       = {Drewes, Marco and Mendizabal, Sebastian and Weniger, Christoph},
	year         = 2013,
	journal      = {Phys. Lett. B},
	volume       = 718,
	pages        = {1119--1124},
	doi          = {10.1016/j.physletb.2012.11.046},
	eprint       = {1202.1301},
	archiveprefix = {arXiv},
	primaryclass = {hep-ph},
	reportnumber = {MPP-2012-3, TTK-12-03, TUM-HEP-857-12}
}
@article{noauthor_existence_1932,
	title        = {The existence of a neutron},
	year         = 1932,
	month        = jun,
	journal      = {Proceedings of the Royal Society of London. Series A, Containing Papers of a Mathematical and Physical Character},
	volume       = 136,
	number       = 830,
	pages        = {692--708},
	doi          = {10.1098/rspa.1932.0112},
	issn         = {0950-1207, 2053-9150},
	url          = {https://royalsocietypublishing.org/doi/10.1098/rspa.1932.0112},
	urldate      = {2023-06-20},
	abstract     = {§ 1. It was shown by Bothe and Becker that some light elements when bombarded by α-particles of polonium emit radiations which appear to be of the γ-ray type. The element beryllium gave a particularly marked effect of this kind, and later observations by Bothe, by Mme. Curie-Joliot and by Webster showed that the radiation excited in beryllium possessed a penetrating power distinctly greater than that of any γ-radiation yet found from the radioactive elements. In Webster’s experiments the intensity of the radiation was measured both by means of the Geiger-Müller tube counter and in a high pressure ionisation chamber. He found that the beryllium radiation had an absorption coefficient in lead of about 0·22 cm. -1 as measured under his experimental conditions. Making the necessary corrections for these conditions, and using the results of Gray and Tarrant to estimate the relative contributions of scattering, photoelectric absorption, and nuclear absorption in the absorption of such penetrating radiation, Webster concluded that the radiation had a quantum energy of about 7 × 10 6 electron volts. Similarly he found that the radiation from boron bombarded by α-particles of polonium consisted in part of a radiation rather more penetrating than that from beryllium, and he estimated the quant um energy of this component as about 10 X 10 6 electron volts. These conclusions agree quite well with the supposition that the radiations arise by the capture of the α-particle into the beryllium (or boron) nucleus and the emission of the surplus energy as a quantum of radiation. The radiations showed, however, certain peculiarities, and at my request the beryllium radiation was passed into an expansion chamber and several photographs were taken. No unexpected phenomena were observed though, as will be seen later, similar experiments have now revealed some rather striking events. The failure of these early experiments was partly due to the weakness of the available source of polonium, and partly to the experimental arrangement, which, as it now appears, was not very suitable.},
	language     = {en}
}
@article{fermi_versuch_1934,
	title        = {Versuch einer {Theorie} der β-{Strahlen}. {I}},
	author       = {Fermi, E.},
	year         = 1934,
	month        = mar,
	journal      = {Zeitschrift f�r Physik},
	volume       = 88,
	number       = {3-4},
	pages        = {161--177},
	doi          = {10.1007/BF01351864},
	issn         = {1434-6001, 1434-601X},
	url          = {http://link.springer.com/10.1007/BF01351864},
	urldate      = {2023-06-20},
	language     = {de}
}
@article{Wu:1957my,
	title        = {{Experimental Test of Parity Conservation in $\beta$ Decay}},
	author       = {Wu, C. S. and Ambler, E. and Hayward, R. W. and Hoppes, D. D. and Hudson, R. P.},
	year         = 1957,
	journal      = {Phys. Rev.},
	volume       = 105,
	pages        = {1413--1414},
	doi          = {10.1103/PhysRev.105.1413}
}
@article{SRS,
	title        = {Detection of the Free Neutrino: a Confirmation},
	author       = {C. L. Cowan  and F. Reines  and F. B. Harrison  and H. W. Kruse  and A. D. McGuire},
	year         = 1956,
	journal      = {Science},
	volume       = 124,
	number       = 3212,
	pages        = {103--104},
	doi          = {10.1126/science.124.3212.103},
	url          = {https://www.science.org/doi/abs/10.1126/science.124.3212.103}
}
@article{AGC,
	title        = {Observation of High-Energy Neutrino Reactions and the Existence of Two Kinds of Neutrinos},
	author       = {Danby, G. and Gaillard, J-M. and Goulianos, K. and Lederman, L. M. and Mistry, N. and Schwartz, M. and Steinberger, J.},
	year         = 1962,
	month        = {Jul},
	journal      = {Phys. Rev. Lett.},
	publisher    = {American Physical Society},
	volume       = 9,
	pages        = {36--44},
	doi          = {10.1103/PhysRevLett.9.36},
	url          = {https://link.aps.org/doi/10.1103/PhysRevLett.9.36},
	issue        = 1,
	numpages     = {0}
}
@article{LEP,
	title        = {A precise determination of the number of families with light neutrinos and of the Z boson partial widths},
	author       = {Decamp, D and others},
	year         = 1990,
	journal      = {Physics Letters B},
	volume       = 235,
	number       = 3,
	pages        = {399--411},
	doi          = {https://doi.org/10.1016/0370-2693(90)91984-J},
	issn         = {0370-2693},
	url          = {https://www.sciencedirect.com/science/article/pii/037026939091984J},
	abstract     = {More extensive and precise results are reported on the parameters of Z decay. On the basis of 20 000 Z decays collected with the ALEPH detector at LEP we find Mz=91.182±0.026 (exp.) ±0.030 (beam) GeV, Γz=2.541±0.056 GeV and σhad0=41.4±0.8 nb. The partial widths for the hadronic and leptonic channels are Γhad=1804±44 MeV, Γe+e−=82.1±3.4 MeV, Γμ+μ−=87.9±6.0 MeV and Γτ+τ−=86.1±5.6 MeV, in good agreement with the standard model. On the basis of the average leptonic width Γℓ+ℓ−=83.9±2.2 MeV, the effective weak mixing angle is found to be sin2θw(Mz)=0.231±0.008. Usin g the partial widths calculated in the standard model, the number of light neutrino families is Nν=3.01±0.15 (exp.)±0.05 (theor.).}
}
@article{Fermilab,
	title        = {Observation of tau neutrino interactions},
	author       = {K. Kodama and and others},
	year         = 2001,
	journal      = {Physics Letters B},
	volume       = 504,
	number       = 3,
	pages        = {218--224},
	doi          = {https://doi.org/10.1016/S0370-2693(01)00307-0},
	issn         = {0370-2693},
	url          = {https://www.sciencedirect.com/science/article/pii/S0370269301003070},
	abstract     = {The DONUT experiment has analyzed 203 neutrino interactions recorded in nuclear emulsion targets. A decay search has found evidence of four tau neutrino interactions with an estimated background of 0.34 events. This number is consistent with the Standard Model expectation.}
}
@article{Gerbino:2022nvz,
	title        = {{Synergy between cosmological and laboratory searches in neutrino physics: a white paper}},
	author       = {Gerbino, Martina and others},
	year         = 2022,
	month        = 3,
	eprint       = {2203.07377},
	archiveprefix = {arXiv},
	primaryclass = {hep-ph},
	reportnumber = {FERMILAB-PUB-22-207-V}
}
@article{MammenAbraham:2022xoc,
	title        = {{Tau neutrinos in the next decade: from GeV to EeV}},
	author       = {Mammen Abraham, Roshan and others},
	year         = 2022,
	journal      = {J. Phys. G},
	volume       = 49,
	number       = 11,
	pages        = 110501,
	doi          = {10.1088/1361-6471/ac89d2},
	eprint       = {2203.05591},
	archiveprefix = {arXiv},
	primaryclass = {hep-ph},
	reportnumber = {DESY-22-040, LA-UR-21-32255}
}
@article{Pontecorvo:1957qd,
	title        = {{Inverse beta processes and nonconservation of lepton charge}},
	author       = {Pontecorvo, B.},
	year         = 1957,
	journal      = {Zh. Eksp. Teor. Fiz.},
	volume       = 34,
	pages        = 247
}
@article{Pontecorvo:1969,
	title        = {Neutrino astronomy and lepton charge},
	author       = {V. Gribov and B. Pontecorvo},
	year         = 1969,
	journal      = {Physics Letters B},
	volume       = 28,
	number       = 7,
	pages        = {493--496},
	doi          = {https://doi.org/10.1016/0370-2693(69)90525-5},
	issn         = {0370-2693},
	url          = {https://www.sciencedirect.com/science/article/pii/0370269369905255},
	abstract     = {It is shown that lepton nonconservation might lead to a decrease in the number of detectable solar neutrinos at the earth surface, because of νe←νμ oscillations, similar to Ko←K̃o oscillations. Equations are presented describing such oscillations for the case when there exist only four neutrino states.}
}
@article{MNS,
	title        = {{Remarks on the Unified Model of Elementary Particles}},
	author       = {Maki, Ziro and Nakagawa, Masami and Sakata, Shoichi},
	year         = 1962,
	month        = 11,
	journal      = {Progress of Theoretical Physics},
	volume       = 28,
	number       = 5,
	pages        = {870--880},
	doi          = {10.1143/PTP.28.870},
	issn         = {0033-068X},
	url          = {https://doi.org/10.1143/PTP.28.870},
	abstract     = {{A particle mixture theory of neutrino is proposed assuming the existence of two kinds of neutrinos. Based on the neutrino-mixture theory, a possible unified model of elementary particles is constructed by generalizing the Sakata-Nagoya model. Our scheme gives a natural explanation of smallness of leptonic decay rate of hyperons as well as the subtle difference of Gν's between µ-e and β-decay.Starting with this scheme, the possibility of Ke3 mode with ΔS/ΔQ = −1 is also examined, and some bearings on the dynamical role of the B-matter, a fundamental constituent of baryons in the Nagoya model, are clarified.}}
}
@book{Giunti:2007ry,
	title        = {{Fundamentals of Neutrino Physics and Astrophysics}},
	author       = {Giunti, Carlo and Kim, Chung W.},
	year         = 2007,
	isbn         = {978-0-19-850871-7}
}
@article{ParticleDataGroup:2022pth,
	title        = {{Review of Particle Physics}},
	author       = {Workman, R. L. and others},
	year         = 2022,
	journal      = {PTEP},
	volume       = 2022,
	pages        = {083C01},
	doi          = {10.1093/ptep/ptac097},
	collaboration = {Particle Data Group}
}
@article{Costa:2023bxw,
	title        = {{Neutrino mixing sum rules and the Littlest Seesaw}},
	author       = {Costa, Francesco and King, Stephen F.},
	year         = 2023,
	month        = 7,
	eprint       = {2307.13895},
	archiveprefix = {arXiv},
	primaryclass = {hep-ph}
}
@article{Mikheyev:1985zog,
	title        = {{Resonance Amplification of Oscillations in Matter and Spectroscopy of Solar Neutrinos}},
	author       = {Mikheyev, S. P. and Smirnov, A. Yu.},
	year         = 1985,
	journal      = {Sov. J. Nucl. Phys.},
	volume       = 42,
	pages        = {913--917}
}
@article{Wolfenstein:1977ue,
	title        = {{Neutrino Oscillations in Matter}},
	author       = {Wolfenstein, L.},
	year         = 1978,
	journal      = {Phys. Rev. D},
	volume       = 17,
	pages        = {2369--2374},
	doi          = {10.1103/PhysRevD.17.2369},
	reportnumber = {COO-3066-102}
}
@article{Denton:2022een,
	title        = {{Snowmass Neutrino Frontier: NF01 Topical Group Report on Three-Flavor Neutrino Oscillations}},
	author       = {Denton, Peter B. and Friend, Megan and Messier, Mark D. and Tanaka, Hirohisa A. and B\"oser, Sebastian and Coelho, Jo\~ao A. B. and Perrin-Terrin, Mathieu and Stuttard, Tom},
	year         = 2022,
	month        = 12,
	eprint       = {2212.00809},
	archiveprefix = {arXiv},
	primaryclass = {hep-ph}
}
@article{Drewes:2016jae,
	title        = {{Testing the low scale seesaw and leptogenesis}},
	author       = {Drewes, Marco and Garbrecht, Bjorn and Gueter, Dario and Klaric, Juraj},
	year         = 2017,
	journal      = {JHEP},
	volume       = {08},
	pages        = {018},
	doi          = {10.1007/JHEP08(2017)018},
	eprint       = {1609.09069},
	archiveprefix = {arXiv},
	primaryclass = {hep-ph},
	reportnumber = {TUM-HEP-1062-16}
}
@article{KATRIN:2019yun,
	title        = {{Improved Upper Limit on the Neutrino Mass from a Direct Kinematic Method by KATRIN}},
	author       = {Aker, M. and others},
	year         = 2019,
	journal      = {Phys. Rev. Lett.},
	volume       = 123,
	number       = 22,
	pages        = 221802,
	doi          = {10.1103/PhysRevLett.123.221802},
	collaboration = {KATRIN},
	eprint       = {1909.06048},
	archiveprefix = {arXiv},
	primaryclass = {hep-ex}
}
@article{Planck:2018vyg,
	title        = {{Planck 2018 results. VI. Cosmological parameters}},
	author       = {Aghanim, N. and others},
	year         = 2020,
	journal      = {Astron. Astrophys.},
	volume       = 641,
	pages        = {A6},
	doi          = {10.1051/0004-6361/201833910},
	note         = {[Erratum: Astron.Astrophys. 652, C4 (2021)]},
	collaboration = {Planck},
	eprint       = {1807.06209},
	archiveprefix = {arXiv},
	primaryclass = {astro-ph.CO}
}
@article{Farzan:2017xzy,
	title        = {{Neutrino oscillations and Non-Standard Interactions}},
	author       = {Farzan, Y. and Tortola, M.},
	year         = 2018,
	journal      = {Front. in Phys.},
	volume       = 6,
	pages        = 10,
	doi          = {10.3389/fphy.2018.00010},
	eprint       = {1710.09360},
	archiveprefix = {arXiv},
	primaryclass = {hep-ph}
}
@article{DeRomeri:2023dht,
	title        = {{Neutrino oscillation bounds on quantum decoherence}},
	author       = {De Romeri, Valentina and Giunti, Carlo and Stuttard, Thomas and Ternes, Christoph A.},
	year         = 2023,
	journal      = {JHEP},
	volume       = {09},
	pages        = {097},
	doi          = {10.1007/JHEP09(2023)097},
	eprint       = {2306.14699},
	archiveprefix = {arXiv},
	primaryclass = {hep-ph}
}
@article{Dasgupta:2021ies,
	title        = {{Sterile Neutrinos}},
	author       = {Dasgupta, Basudeb and Kopp, Joachim},
	year         = 2021,
	journal      = {Phys. Rept.},
	volume       = 928,
	pages        = {1--63},
	doi          = {10.1016/j.physrep.2021.06.002},
	eprint       = {2106.05913},
	archiveprefix = {arXiv},
	primaryclass = {hep-ph}
}
@article{deGouvea:2016qpx,
	title        = {{Neutrino Mass Models}},
	author       = {de Gouv\^ea, Andr\'e},
	year         = 2016,
	journal      = {Ann. Rev. Nucl. Part. Sci.},
	volume       = 66,
	pages        = {197--217},
	doi          = {10.1146/annurev-nucl-102115-044600}
}
@article{Cai:2017jrq,
	title        = {{From the trees to the forest: a review of radiative neutrino mass models}},
	author       = {Cai, Yi and Herrero-Garc\'\i{}a, Juan and Schmidt, Michael A. and Vicente, Avelino and Volkas, Raymond R.},
	year         = 2017,
	journal      = {Front. in Phys.},
	volume       = 5,
	pages        = 63,
	doi          = {10.3389/fphy.2017.00063},
	eprint       = {1706.08524},
	archiveprefix = {arXiv},
	primaryclass = {hep-ph},
	reportnumber = {ADP-17-29-T1035}
}
@article{King:2003jb,
	title        = {{Neutrino mass models}},
	author       = {King, S. F.},
	year         = 2004,
	journal      = {Rept. Prog. Phys.},
	volume       = 67,
	pages        = {107--158},
	doi          = {10.1088/0034-4885/67/2/R01},
	eprint       = {hep-ph/0310204},
	archiveprefix = {arXiv},
	reportnumber = {SHEP-03-15}
}
@article{Arkani-Hamed:1998wff,
	title        = {{Light active and sterile neutrinos from compositeness}},
	author       = {Arkani-Hamed, Nima and Grossman, Yuval},
	year         = 1999,
	journal      = {Phys. Lett. B},
	volume       = 459,
	pages        = {179--182},
	doi          = {10.1016/S0370-2693(99)00672-3},
	eprint       = {hep-ph/9806223},
	archiveprefix = {arXiv},
	reportnumber = {SLAC-PUB-7792}
}
@article{Dolinski:2019nrj,
	title        = {{Neutrinoless Double-Beta Decay: Status and Prospects}},
	author       = {Dolinski, Michelle J. and Poon, Alan W. P. and Rodejohann, Werner},
	year         = 2019,
	journal      = {Ann. Rev. Nucl. Part. Sci.},
	volume       = 69,
	pages        = {219--251},
	doi          = {10.1146/annurev-nucl-101918-023407},
	eprint       = {1902.04097},
	archiveprefix = {arXiv},
	primaryclass = {nucl-ex}
}
@article{Simha:2008zj,
	title        = {{Constraining The Early-Universe Baryon Density And Expansion Rate}},
	author       = {Simha, Vimal and Steigman, Gary},
	year         = 2008,
	journal      = {JCAP},
	volume       = {06},
	pages        = {016},
	doi          = {10.1088/1475-7516/2008/06/016},
	eprint       = {0803.3465},
	archiveprefix = {arXiv},
	primaryclass = {astro-ph}
}
@article{Sakharov:1967dj,
	title        = {{Violation of CP Invariance, C asymmetry, and baryon asymmetry of the universe}},
	author       = {Sakharov, A. D.},
	year         = 1967,
	journal      = {Pisma Zh. Eksp. Teor. Fiz.},
	volume       = 5,
	pages        = {32--35},
	doi          = {10.1070/PU1991v034n05ABEH002497}
}
@article{Gavela:1994ds,
	title        = {{Standard model CP violation and baryon asymmetry. Part 1: Zero temperature}},
	author       = {Gavela, M. B. and Lozano, M. and Orloff, J. and Pene, O.},
	year         = 1994,
	journal      = {Nucl. Phys. B},
	volume       = 430,
	pages        = {345--381},
	doi          = {10.1016/0550-3213(94)00409-9},
	eprint       = {hep-ph/9406288},
	archiveprefix = {arXiv},
	reportnumber = {CERN-TH-7262-94, LPTHE-ORSAY-94-48, HD-THEP-94-19, FAMNSE-12-94, NSF-ITP-94-64}
}
@article{Gavela:1994dt,
	title        = {{Standard model CP violation and baryon asymmetry. Part 2: Finite temperature}},
	author       = {Gavela, M. B. and Hernandez, P. and Orloff, J. and Pene, O. and Quimbay, C.},
	year         = 1994,
	journal      = {Nucl. Phys. B},
	volume       = 430,
	pages        = {382--426},
	doi          = {10.1016/0550-3213(94)00410-2},
	eprint       = {hep-ph/9406289},
	archiveprefix = {arXiv},
	reportnumber = {CERN-TH-7263-94, LPTHE-ORSAY-94-49, HUTP-94-A015, HD-THEP-94-20, FTUAM-94-14, NSF-ITP-94-65}
}
@article{Fukugita:1986hr,
	title        = {{Baryogenesis Without Grand Unification}},
	author       = {Fukugita, M. and Yanagida, T.},
	year         = 1986,
	journal      = {Phys. Lett. B},
	volume       = 174,
	pages        = {45--47},
	doi          = {10.1016/0370-2693(86)91126-3},
	reportnumber = {RIFP-641}
}
@article{Mohapatra:1980yp,
	title        = {{Neutrino Masses and Mixings in Gauge Models with Spontaneous Parity Violation}},
	author       = {Mohapatra, Rabindra N. and Senjanovic, Goran},
	year         = 1981,
	journal      = {Phys. Rev. D},
	volume       = 23,
	pages        = 165,
	doi          = {10.1103/PhysRevD.23.165},
	reportnumber = {FERMILAB-PUB-80-061-THY, FERMILAB-PUB-80-061-T}
}
@article{Yanagida:1979as,
	title        = {{Horizontal gauge symmetry and masses of neutrinos}},
	author       = {Yanagida, Tsutomu},
	year         = 1979,
	journal      = {Conf. Proc. C},
	volume       = 7902131,
	pages        = {95--99},
	editor       = {Sawada, Osamu and Sugamoto, Akio},
	reportnumber = {KEK-79-18-95}
}
@article{Glashow:1979nm,
	title        = {{The Future of Elementary Particle Physics}},
	author       = {Glashow, S. L.},
	year         = 1980,
	journal      = {NATO Sci. Ser. B},
	volume       = 61,
	pages        = 687,
	doi          = {10.1007/978-1-4684-7197-7_15},
	reportnumber = {HUTP-79-A059}
}
@article{Gell-Mann:1979vob,
	title        = {{Complex Spinors and Unified Theories}},
	author       = {Gell-Mann, Murray and Ramond, Pierre and Slansky, Richard},
	year         = 1979,
	journal      = {Conf. Proc. C},
	volume       = 790927,
	pages        = {315--321},
	eprint       = {1306.4669},
	archiveprefix = {arXiv},
	primaryclass = {hep-th},
	reportnumber = {PRINT-80-0576}
}
@article{Minkowski:1977sc,
	title        = {{$\mu \to e\gamma$ at a Rate of One Out of $10^{9}$ Muon Decays?}},
	author       = {Minkowski, Peter},
	year         = 1977,
	journal      = {Phys. Lett. B},
	volume       = 67,
	pages        = {421--428},
	doi          = {10.1016/0370-2693(77)90435-X},
	reportnumber = {Print-77-0182 (BERN)}
}
@article{Davidson:2002qv,
	title        = {{A Lower bound on the right-handed neutrino mass from leptogenesis}},
	author       = {Davidson, Sacha and Ibarra, Alejandro},
	year         = 2002,
	journal      = {Phys. Lett. B},
	volume       = 535,
	pages        = {25--32},
	doi          = {10.1016/S0370-2693(02)01735-5},
	eprint       = {hep-ph/0202239},
	archiveprefix = {arXiv},
	reportnumber = {OUTP-02-10P, IPPP-02-16, DCPT-02-32}
}
@article{Kawasaki:2008qe,
	title        = {{Big-Bang Nucleosynthesis and Gravitino}},
	author       = {Kawasaki, Masahiro and Kohri, Kazunori and Moroi, Takeo and Yotsuyanagi, Akira},
	year         = 2008,
	journal      = {Phys. Rev. D},
	volume       = 78,
	pages        = {065011},
	doi          = {10.1103/PhysRevD.78.065011},
	eprint       = {0804.3745},
	archiveprefix = {arXiv},
	primaryclass = {hep-ph},
	reportnumber = {TU-812}
}
@article{Rychkov:2007uq,
	title        = {{Thermal production of gravitinos}},
	author       = {Rychkov, Vyacheslav S. and Strumia, Alessandro},
	year         = 2007,
	journal      = {Phys. Rev. D},
	volume       = 75,
	pages        = {075011},
	doi          = {10.1103/PhysRevD.75.075011},
	eprint       = {hep-ph/0701104},
	archiveprefix = {arXiv},
	reportnumber = {IFUP-TH-07-1}
}
@article{Kawasaki:1994af,
	title        = {{Gravitino production in the inflationary universe and the effects on big bang nucleosynthesis}},
	author       = {Kawasaki, M. and Moroi, T.},
	year         = 1995,
	journal      = {Prog. Theor. Phys.},
	volume       = 93,
	pages        = {879--900},
	doi          = {10.1143/PTP.93.879},
	eprint       = {hep-ph/9403364},
	archiveprefix = {arXiv},
	reportnumber = {ICRR-315-94-10, TU-457}
}
@article{Khlopov:1984pf,
	title        = {{Is It Easy to Save the Gravitino?}},
	author       = {Khlopov, M. Yu. and Linde, Andrei D.},
	year         = 1984,
	journal      = {Phys. Lett. B},
	volume       = 138,
	pages        = {265--268},
	doi          = {10.1016/0370-2693(84)91656-3}
}
@article{Weinberg:1982zq,
	title        = {{Cosmological Constraints on the Scale of Supersymmetry Breaking}},
	author       = {Weinberg, Steven},
	year         = 1982,
	journal      = {Phys. Rev. Lett.},
	volume       = 48,
	pages        = 1303,
	doi          = {10.1103/PhysRevLett.48.1303},
	reportnumber = {Print-82-0306 (TEXAS)}
}
@article{Dutta:2018zkg,
	title        = {{A cosmological pathway to testable leptogenesis}},
	author       = {Dutta, Bhaskar and Fong, Chee Sheng and Jimenez, Esteban and Nardi, Enrico},
	year         = 2018,
	journal      = {JCAP},
	volume       = 10,
	pages        = {025},
	doi          = {10.1088/1475-7516/2018/10/025},
	eprint       = {1804.07676},
	archiveprefix = {arXiv},
	primaryclass = {hep-ph},
	reportnumber = {MI-TH-1880}
}
@article{PhysRevD.90.064050,
	title        = {Thermal leptogenesis in $f(R)$ cosmology},
	author       = {Lambiase, G.},
	year         = 2014,
	month        = {Sep},
	journal      = {Phys. Rev. D},
	publisher    = {American Physical Society},
	volume       = 90,
	pages        = {064050},
	doi          = {10.1103/PhysRevD.90.064050},
	url          = {https://link.aps.org/doi/10.1103/PhysRevD.90.064050},
	issue        = 6,
	numpages     = 10
}
@article{Verde:2019ivm,
	title        = {{Tensions between the Early and the Late Universe}},
	author       = {Verde, L. and Treu, T. and Riess, A. G.},
	year         = 2019,
	month        = 7,
	journal      = {Nature Astron.},
	volume       = 3,
	pages        = 891,
	doi          = {10.1038/s41550-019-0902-0},
	eprint       = {1907.10625},
	archiveprefix = {arXiv},
	primaryclass = {astro-ph.CO}
}
@article{DiValentino:2020zio,
	title        = {{Snowmass2021 - Letter of interest cosmology intertwined II: The hubble constant tension}},
	author       = {Di Valentino, Eleonora and others},
	year         = 2021,
	journal      = {Astropart. Phys.},
	volume       = 131,
	pages        = 102605,
	doi          = {10.1016/j.astropartphys.2021.102605},
	eprint       = {2008.11284},
	archiveprefix = {arXiv},
	primaryclass = {astro-ph.CO},
	reportnumber = {FERMILAB-PUB-21-590-PPD}
}
@article{DiValentino:2021izs,
	title        = {{In the realm of the Hubble tension\textemdash{}a review of solutions}},
	author       = {Di Valentino, Eleonora and Mena, Olga and Pan, Supriya and Visinelli, Luca and Yang, Weiqiang and Melchiorri, Alessandro and Mota, David F. and Riess, Adam G. and Silk, Joseph},
	year         = 2021,
	journal      = {Class. Quant. Grav.},
	volume       = 38,
	number       = 15,
	pages        = 153001,
	doi          = {10.1088/1361-6382/ac086d},
	eprint       = {2103.01183},
	archiveprefix = {arXiv},
	primaryclass = {astro-ph.CO},
	reportnumber = {IPPP/20/108}
}
@article{Abdalla:2022yfr,
	title        = {{Cosmology intertwined: A review of the particle physics, astrophysics, and cosmology associated with the cosmological tensions and anomalies}},
	author       = {Abdalla, Elcio and others},
	year         = 2022,
	journal      = {JHEAp},
	volume       = 34,
	pages        = {49--211},
	doi          = {10.1016/j.jheap.2022.04.002},
	eprint       = {2203.06142},
	archiveprefix = {arXiv},
	primaryclass = {astro-ph.CO},
	reportnumber = {FERMILAB-CONF-22-192-SCD}
}
@article{Perivolaropoulos:2021jda,
	title        = {{Challenges for \ensuremath{\Lambda}CDM: An update}},
	author       = {Perivolaropoulos, Leandros and Skara, Foteini},
	year         = 2022,
	journal      = {New Astron. Rev.},
	volume       = 95,
	pages        = 101659,
	doi          = {10.1016/j.newar.2022.101659},
	eprint       = {2105.05208},
	archiveprefix = {arXiv},
	primaryclass = {astro-ph.CO}
}
@article{Colgain:2022tql,
	title        = {{High redshift \ensuremath{\Lambda}CDM cosmology: To bin or not to bin?}},
	author       = {Colg\'ain, Eoin \'O. and Sheikh-Jabbari, M. M. and Solomon, Rance},
	year         = 2023,
	journal      = {Phys. Dark Univ.},
	volume       = 40,
	pages        = 101216,
	doi          = {10.1016/j.dark.2023.101216},
	eprint       = {2211.02129},
	archiveprefix = {arXiv},
	primaryclass = {astro-ph.CO}
}
@article{Colgain:2022rxy,
	title        = {{Putting Flat $\Lambda$CDM In The (Redshift) Bin}},
	author       = {Colg\'ain, Eoin \'O. and Sheikh-Jabbari, M. M. and Solomon, Rance and Dainotti, Maria G. and Stojkovic, Dejan},
	year         = 2022,
	month        = 6,
	eprint       = {2206.11447},
	archiveprefix = {arXiv},
	primaryclass = {astro-ph.CO}
}
@article{Krishnan:2021dyb,
	title        = {{Does Hubble tension signal a breakdown in FLRW cosmology?}},
	author       = {Krishnan, Chethan and Mohayaee, Roya and Colg\'ain, Eoin \'O. and Sheikh-Jabbari, M. M. and Yin, Lu},
	year         = 2021,
	journal      = {Class. Quant. Grav.},
	volume       = 38,
	number       = 18,
	pages        = 184001,
	doi          = {10.1088/1361-6382/ac1a81},
	eprint       = {2105.09790},
	archiveprefix = {arXiv},
	primaryclass = {astro-ph.CO}
}
@article{Krishnan:2021jmh,
	title        = {{Hints of FLRW breakdown from supernovae}},
	author       = {Krishnan, Chethan and Mohayaee, Roya and Colg\'ain, Eoin \'O. and Sheikh-Jabbari, M. M. and Yin, L.},
	year         = 2022,
	journal      = {Phys. Rev. D},
	volume       = 105,
	number       = 6,
	pages        = {063514},
	doi          = {10.1103/PhysRevD.105.063514},
	eprint       = {2106.02532},
	archiveprefix = {arXiv},
	primaryclass = {astro-ph.CO}
}
@article{Aluri:2022hzs,
	title        = {{Is the observable Universe consistent with the cosmological principle?}},
	author       = {Aluri, Pavan Kumar and others},
	year         = 2023,
	journal      = {Class. Quant. Grav.},
	volume       = 40,
	number       = 9,
	pages        = {094001},
	doi          = {10.1088/1361-6382/acbefc},
	eprint       = {2207.05765},
	archiveprefix = {arXiv},
	primaryclass = {astro-ph.CO}
}
@article{Ellis:1968vb,
	title        = {{A Class of homogeneous cosmological models}},
	author       = {Ellis, G. F. R. and MacCallum, Malcolm A. H.},
	year         = 1969,
	journal      = {Commun. Math. Phys.},
	volume       = 12,
	pages        = {108--141},
	doi          = {10.1007/BF01645908}
}
@article{delliou_anisotropic_2020,
	title        = {An {Anisotropic} {Model} for the {Universe}},
	author       = {Delliou, Morgan Le and Deliyergiyev, Maksym and Del Popolo, Antonino},
	year         = 2020,
	month        = oct,
	journal      = {Symmetry},
	volume       = 12,
	number       = 10,
	pages        = 1741,
	doi          = {10.3390/sym12101741},
	issn         = {2073-8994},
	url          = {https://www.mdpi.com/2073-8994/12/10/1741},
	urldate      = {2023-06-03},
	abstract     = {Motivated by the back-reaction debate, and some unexplained characteristics of the CMB, we investigate the possibility of some anisotropy in the universe observed around us. To this aim, we build up a novel prediction for the Hubble law for the late universe from a Bianchi type I model, taken as proof of concept, transcribing the departure of such model from a ΛCDM model. We dicussed the redshift measurement in this universe, and finally formalized the Hubble diagram.},
	language     = {en}
}
@article{Russell:2013oda,
	title        = {{Bianchi I model: an alternative way to model the present-day Universe}},
	author       = {Russell, Esra and K\i{}l\i{}n\c{c}, Can Battal and Pashaev, Oktay K.},
	year         = 2014,
	journal      = {Mon. Not. Roy. Astron. Soc.},
	volume       = 442,
	number       = 3,
	pages        = {2331--2341},
	doi          = {10.1093/mnras/stu932},
	eprint       = {1312.3502},
	archiveprefix = {arXiv},
	primaryclass = {astro-ph.CO}
}
@phdthesis{jacobs1969bianchi,
	title        = {Bianchi type I cosmological models},
	author       = {Jacobs, Kenneth Charles},
	year         = 1969,
	school       = {California Institute of Technology}
}
@article{PhysRevD.42.3310,
	title        = {Thermal relics: Do we know their abundances?},
	author       = {Kamionkowski, Marc and Turner, Michael S.},
	year         = 1990,
	month        = {Nov},
	journal      = {Phys. Rev. D},
	publisher    = {American Physical Society},
	volume       = 42,
	pages        = {3310--3320},
	doi          = {10.1103/PhysRevD.42.3310},
	url          = {https://link.aps.org/doi/10.1103/PhysRevD.42.3310},
	issue        = 10,
	numpages     = {0}
}
@article{Davidson:2008bu,
	title        = {{Leptogenesis}},
	author       = {Davidson, Sacha and Nardi, Enrico and Nir, Yosef},
	year         = 2008,
	journal      = {Phys. Rept.},
	volume       = 466,
	pages        = {105--177},
	doi          = {10.1016/j.physrep.2008.06.002},
	eprint       = {0802.2962},
	archiveprefix = {arXiv},
	primaryclass = {hep-ph}
}
@book{Kolb:1990vq,
	title        = {{The Early Universe}},
	author       = {Kolb, Edward W. and Turner, Michael S.},
	year         = 1990,
	volume       = 69,
	doi          = {10.1201/9780429492860},
	isbn         = {978-0-201-62674-2},
	reportnumber = {FERMILAB-BOOK-1990-01}
}
@inproceedings{Chen:2007fv,
	title        = {{TASI 2006 Lectures on Leptogenesis}},
	author       = {Chen, Mu-Chun},
	year         = 2007,
	month        = 3,
	booktitle    = {{Theoretical Advanced Study Institute in Elementary Particle Physics}: {Exploring New Frontiers Using Colliders and Neutrinos}},
	pages        = {123--176},
	eprint       = {hep-ph/0703087},
	archiveprefix = {arXiv},
	reportnumber = {FERMILAB-PUB-07-059-T, UCI-TR-2007-1}
}
@article{Casas:2001sr,
	title        = {{Oscillating neutrinos and $\mu \to e, \gamma$}},
	author       = {Casas, J. A. and Ibarra, A.},
	year         = 2001,
	journal      = {Nucl. Phys. B},
	volume       = 618,
	pages        = {171--204},
	doi          = {10.1016/S0550-3213(01)00475-8},
	eprint       = {hep-ph/0103065},
	archiveprefix = {arXiv},
	reportnumber = {IEM-FT-211-01, OUTP-01-11P, IFT-UAM-CSIC-01-08}
}
@article{Esteban:2020cvm,
	title        = {{The fate of hints: updated global analysis of three-flavor neutrino oscillations}},
	author       = {Esteban, Ivan and Gonzalez-Garcia, M. C. and Maltoni, Michele and Schwetz, Thomas and Zhou, Albert},
	year         = 2020,
	journal      = {JHEP},
	volume       = {09},
	pages        = 178,
	doi          = {10.1007/JHEP09(2020)178},
	eprint       = {2007.14792},
	archiveprefix = {arXiv},
	primaryclass = {hep-ph},
	reportnumber = {IFT-UAM/CSIC-112, YITP-SB-2020-21}
}
@article{DiBari:2021fhs,
	title        = {{On the origin of matter in the Universe}},
	author       = {Di Bari, Pasquale},
	year         = 2022,
	journal      = {Prog. Part. Nucl. Phys.},
	volume       = 122,
	pages        = 103913,
	doi          = {10.1016/j.ppnp.2021.103913},
	eprint       = {2107.13750},
	archiveprefix = {arXiv},
	primaryclass = {hep-ph}
}
@inproceedings{Elor:2022hpa,
	title        = {{New Ideas in Baryogenesis: A Snowmass White Paper}},
	author       = {Elor, Gilly and others},
	year         = 2022,
	month        = 3,
	booktitle    = {{Snowmass 2021}},
	eprint       = {2203.05010},
	archiveprefix = {arXiv},
	primaryclass = {hep-ph}
}
@article{sym12020300,
	title        = {Consequences of f(?) Cosmology in Thermal Leptogenesis and Gravitino Late Abundance},
	author       = {Capolupo, Antonio and Giampaolo, Salvatore Marco and Lambiase, Gaetano and Quaranta, Aniello},
	year         = 2020,
	journal      = {Symmetry},
	volume       = 12,
	number       = 2,
	doi          = {10.3390/sym12020300},
	issn         = {2073-8994},
	url          = {https://www.mdpi.com/2073-8994/12/2/300},
	article-number = 300,
	abstract     = {Thermal Leptogenesis and the gravitino problem are reviewed in the framework of non-standard cosmologies. We consider in particular the f ( T ) cosmology, where T is the torsion field. We constrain the parameters space of these cosmological models consistently with thermal Leptogenesis scenario (with degenerate mass spectrum of light neutrinos), and we show that they allow to solve the gravitino problem as well. Owing to the similar characteristics to f ( T ) cosmology, we shortly discuss also the case of the shear dominated Universe.}
}
@article{Tsallis:1987eu,
	title        = {{Possible Generalization of Boltzmann-Gibbs Statistics}},
	author       = {Tsallis, Constantino},
	year         = 1988,
	journal      = {J. Statist. Phys.},
	volume       = 52,
	pages        = {479--487},
	doi          = {10.1007/BF01016429},
	reportnumber = {CBPF-NF-062-87}
}
@article{Tsallis:1999nq,
	title        = {{Nonextensive statistics: Theoretical, experimental and computational evidences and connections}},
	author       = {Tsallis, C.},
	year         = 1999,
	journal      = {Braz. J. Phys.},
	volume       = 29,
	pages        = {1--35},
	doi          = {10.1590/S0103-97331999000100002}
}
@book{abe_nonextensive_2001,
	title        = {Nonextensive {Statistical} {Mechanics} and {Its} {Applications}},
	year         = 2001,
	publisher    = {Springer Berlin Heidelberg},
	address      = {Berlin, Heidelberg},
	series       = {Lecture {Notes} in {Physics}},
	volume       = 560,
	doi          = {10.1007/3-540-40919-X},
	isbn         = {9783540412083 9783540409199},
	url          = {https://link.springer.com/10.1007/3-540-40919-X},
	urldate      = {2023-04-23},
	language     = {en},
	editor       = {Abe, Sumiyoshi and Okamoto, Yuko and Beig, R. and Ehlers, J. and Frisch, U. and Hepp, K. and Hillebrandt, W. and Imboden, D. and Jaffe, R. L. and Kippenhahn, R. and Lipowsky, R. and Löhneysen, H. V. and Ojima, I. and Weidenmüller, H. A. and Wess, J. and Zittartz, J.}
}
@inproceedings{Tsallis:2003vv,
	title        = {{Nonextensive statistical mechanics: Applications to nuclear and high-energy physics}},
	author       = {Tsallis, Constantino and Borges, Ernesto P.},
	year         = 2003,
	month        = 1,
	booktitle    = {{10th International Workshop on Multiparticle Production: Correlations and Fluctuations in QCD (CF2002)}},
	pages        = {326--343},
	doi          = {10.1142/9789812704641_0033},
	eprint       = {cond-mat/0301521},
	archiveprefix = {arXiv}
}
@article{deOliveira:2004sw,
	title        = {{Role of nonextensive statistics in a three-degree-of-freedom gravitational system}},
	author       = {de Oliveira, H. P. and Soares, I. Damiao and Tonini, E. V.},
	year         = 2004,
	journal      = {Phys. Rev. D},
	volume       = 70,
	pages        = {084012},
	doi          = {10.1103/PhysRevD.70.084012}
}
@article{Li:2020lww,
	title        = {{Excitation Functions of Tsallis-Like Parameters in High-Energy Nucleus\textendash{}Nucleus Collisions}},
	author       = {Li, Li-Li and Liu, Fu-Hu and Olimov, Khusniddin K.},
	year         = 2021,
	journal      = {Entropy},
	volume       = 23,
	pages        = 478,
	doi          = {10.3390/e23040478},
	eprint       = {2006.15333},
	archiveprefix = {arXiv},
	primaryclass = {hep-ph}
}
@article{Olimov:2022rlz,
	title        = {{Analysis of Midrapidity Distributions of Identified Charged Particles in Pb + Pb Collisions at $\sqrt {s_{nn}}$ = 5.02 TeV Using Tsallis Distribution with Embedded Transverse Flow}},
	author       = {Olimov, Khusniddin K. and Liu, Fu-Hu and Fedosimova, Anastasiya I. and Lebedev, Igor A. and Deppman, Airton and Musaev, Kobil A. and Shodmonov, Maratbek Z. and Tukhtaev, Boburbek J.},
	year         = 2022,
	journal      = {Universe},
	volume       = 8,
	number       = 8,
	pages        = 401,
	doi          = {10.3390/universe8080401}
}
@article{Olimov:2022iwz,
	title        = {{Simultaneous Analysis of Midrapidity~pT Spectra of Identified Particle Species in Pb + Pb Collisions at $\sqrt{s_{NN}}$ = 2.76 TeV Using Tsallis Distribution with Transverse Flow}},
	author       = {Olimov, Khusniddin K. and Lebedev, Igor A. and Fedosimova, Anastasiya I. and Liu, Fu-Hu and Kanokova, Shakhnoza Z. and Shodmonov, Maratbek Z. and Tukhtaev, Boburbek J.},
	year         = 2022,
	journal      = {Universe},
	volume       = 8,
	number       = 12,
	pages        = 655,
	doi          = {10.3390/universe8120655}
}
@article{Komatsu:2013qia,
	title        = {{Entropic cosmology for a generalized black-hole entropy}},
	author       = {Komatsu, Nobuyoshi and Kimura, Shigeo},
	year         = 2013,
	journal      = {Phys. Rev. D},
	volume       = 88,
	pages        = {083534},
	doi          = {10.1103/PhysRevD.88.083534},
	eprint       = {1307.5949},
	archiveprefix = {arXiv},
	primaryclass = {astro-ph.CO}
}
@article{Mejrhit:2020dpo,
	title        = {{A semi-classical estimate for the q-parameter and decay time with Tsallis entropy of black holes in quantum geometry}},
	author       = {Mejrhit, K. and Hajji, R.},
	year         = 2020,
	journal      = {Eur. Phys. J. C},
	volume       = 80,
	number       = 11,
	pages        = 1060,
	doi          = {10.1140/epjc/s10052-020-08632-1}
}
@article{Luciano:2021mto,
	title        = {{q-generalized Tsallis thermostatistics in Unruh effect for mixed fields}},
	author       = {Luciano, Giuseppe Gaetano and Blasone, Massimo},
	year         = 2021,
	journal      = {Phys. Rev. D},
	volume       = 104,
	number       = 4,
	pages        = {045004},
	doi          = {10.1103/PhysRevD.104.045004},
	eprint       = {2104.00395},
	archiveprefix = {arXiv},
	primaryclass = {hep-th}
}
@article{Ghoshal:2021ief,
	title        = {{Constraints on Tsallis Cosmology from Big Bang Nucleosynthesis and Dark Matter Freeze-out}},
	author       = {Ghoshal, Anish and Lambiase, Gaetano},
	year         = 2021,
	month        = 4,
	eprint       = {2104.11296},
	archiveprefix = {arXiv},
	primaryclass = {astro-ph.CO}
}
@article{Biro:2013cra,
	title        = {{A $q$-parameter bound for particle spectra based on black hole thermodynamics with R\'enyi entropy}},
	author       = {Bir\'o, Tam\'as S. and Czinner, Viktor G.},
	year         = 2013,
	journal      = {Phys. Lett. B},
	volume       = 726,
	pages        = {861--865},
	doi          = {10.1016/j.physletb.2013.09.032},
	eprint       = {1309.4261},
	archiveprefix = {arXiv},
	primaryclass = {gr-qc}
}
@article{Luciano:2021onl,
	title        = {{Nonextensive Tsallis statistics in Unruh effect for Dirac neutrinos}},
	author       = {Luciano, Giuseppe Gaetano and Blasone, Massimo},
	year         = 2021,
	journal      = {Eur. Phys. J. C},
	volume       = 81,
	number       = 11,
	pages        = 995,
	doi          = {10.1140/epjc/s10052-021-09797-z},
	eprint       = {2107.11402},
	archiveprefix = {arXiv},
	primaryclass = {hep-th}
}
@article{Bhattacharyya:2017hdc,
	title        = {{On the precise determination of the Tsallis parameters in proton\textendash{}proton collisions at LHC energies}},
	author       = {Bhattacharyya, T. and Cleymans, J. and Marques, L. and Mogliacci, S. and Paradza, M. W.},
	year         = 2018,
	journal      = {J. Phys. G},
	volume       = 45,
	number       = 5,
	pages        = {055001},
	doi          = {10.1088/1361-6471/aaaea0},
	eprint       = {1709.07376},
	archiveprefix = {arXiv},
	primaryclass = {hep-ph}
}
@book{tsallis_introduction_2009,
	title        = {Introduction to nonextensive statistical mechanics: approaching a complex world},
	shorttitle   = {Introduction to nonextensive statistical mechanics},
	author       = {Tsallis, Constantino},
	year         = 2009,
	publisher    = {Springer},
	address      = {New York},
	isbn         = 9780387853581,
	keywords     = {Statistical mechanics}
}
@book{tsallis_introduction_2023,
	title        = {Introduction to {Nonextensive} {Statistical} {Mechanics}: {Approaching} a {Complex} {World}},
	shorttitle   = {Introduction to {Nonextensive} {Statistical} {Mechanics}},
	author       = {Tsallis, Constantino},
	year         = 2023,
	publisher    = {Springer International Publishing},
	address      = {Cham},
	doi          = {10.1007/978-3-030-79569-6},
	isbn         = {9783030795689 9783030795696},
	url          = {https://link.springer.com/10.1007/978-3-030-79569-6},
	urldate      = {2023-04-27},
	language     = {en}
}
@article{Teweldeberhan_2005,
	title        = {On the cut-off prescriptions associated with power-law generalized thermostatistics},
	author       = {A.M. Teweldeberhan and A.R. Plastino and H.G. Miller},
	year         = 2005,
	month        = {aug},
	journal      = {Physics Letters A},
	publisher    = {Elsevier {BV}},
	volume       = 343,
	number       = {1-3},
	pages        = {71--78},
	doi          = {10.1016/j.physleta.2005.06.026},
	url          = {https://doi.org/10.1016%2Fj.physleta.2005.06.026}
}
@article{Pessah:2001mz,
	title        = {{Statistical mechanics and the description of the early universe. 1. Foundations for a slightly nonextensive cosmology}},
	author       = {Pessah, M. E. and Torres, Diego F. and Vucetich, H.},
	year         = 2001,
	journal      = {Physica A},
	volume       = 297,
	pages        = {164--200},
	doi          = {10.1016/S0378-4371(01)00235-7},
	eprint       = {gr-qc/0105017},
	archiveprefix = {arXiv}
}
@article{Rueter:2019ubf,
	title        = {{Dark Matter Freeze Out with Tsallis Statistics in the Early Universe}},
	author       = {Rueter, Thomas D. and Rizzo, Thomas G. and Hewett, Joanne L.},
	year         = 2019,
	month        = 11,
	eprint       = {1911.11254},
	archiveprefix = {arXiv},
	primaryclass = {hep-ph},
	reportnumber = {SLAC-PUB-17490}
}
@article{Buchmuller:2004nz,
	title        = {{Leptogenesis for pedestrians}},
	author       = {Buchmuller, W. and Di Bari, P. and Plumacher, M.},
	year         = 2005,
	journal      = {Annals Phys.},
	volume       = 315,
	pages        = {305--351},
	doi          = {10.1016/j.aop.2004.02.003},
	eprint       = {hep-ph/0401240},
	archiveprefix = {arXiv},
	reportnumber = {DESY-03-100, UAB-FT-551, CERN-TH-2003-199}
}
@article{Husdal:2016haj,
	title        = {{On Effective Degrees of Freedom in the Early Universe}},
	author       = {Husdal, Lars},
	year         = 2016,
	journal      = {Galaxies},
	volume       = 4,
	number       = 4,
	pages        = 78,
	doi          = {10.3390/galaxies4040078},
	eprint       = {1609.04979},
	archiveprefix = {arXiv},
	primaryclass = {astro-ph.CO}
}
@article{Pilaftsis:2003gt,
	title        = {{Resonant leptogenesis}},
	author       = {Pilaftsis, Apostolos and Underwood, Thomas E. J.},
	year         = 2004,
	journal      = {Nucl. Phys. B},
	volume       = 692,
	pages        = {303--345},
	doi          = {10.1016/j.nuclphysb.2004.05.029},
	eprint       = {hep-ph/0309342},
	archiveprefix = {arXiv},
	reportnumber = {MC-TH-2003-09}
}
@article{Akhmedov:1998qx,
	title        = {{Baryogenesis via neutrino oscillations}},
	author       = {Akhmedov, Evgeny K. and Rubakov, V. A. and Smirnov, A. Yu.},
	year         = 1998,
	journal      = {Phys. Rev. Lett.},
	volume       = 81,
	pages        = {1359--1362},
	doi          = {10.1103/PhysRevLett.81.1359},
	eprint       = {hep-ph/9803255},
	archiveprefix = {arXiv},
	reportnumber = {IC-98-22, INR-98-14-T}
}
@article{Asaka:2005pn,
	title        = {{The $\nu$MSM, dark matter and baryon asymmetry of the universe}},
	author       = {Asaka, Takehiko and Shaposhnikov, Mikhail},
	year         = 2005,
	journal      = {Phys. Lett. B},
	volume       = 620,
	pages        = {17--26},
	doi          = {10.1016/j.physletb.2005.06.020},
	eprint       = {hep-ph/0505013},
	archiveprefix = {arXiv}
}
@article{Bell:2008fm,
	title        = {{Electromagnetic Leptogenesis}},
	author       = {Bell, Nicole F. and Kayser, Boris and Law, Sandy S. C.},
	year         = 2008,
	journal      = {Phys. Rev. D},
	volume       = 78,
	pages        = {085024},
	doi          = {10.1103/PhysRevD.78.085024},
	eprint       = {0806.3307},
	archiveprefix = {arXiv},
	primaryclass = {hep-ph},
	reportnumber = {FERMILAB-PUB-08-186-T}
}
